2752 4718
122 171 186 236 168
513 167 635 225 raeiri
652 168 910 226 fflsromasunl

121 336 157 398 ad
186 336 361 397 modestiam
390 338 570 415 composuit,
598 353 654 396 neo
682 334 778 396 solum
805 335 882 415 apud
906 335 1075 416 Caecinam,
1103 338 1156 416 qui
1179 337 1299 416 culpam

121 428 153 485 in
175 425 300 486 militem
324 424 496 486 conferebat
520 424 658 485 seditioni
681 426 775 503 magis
798 442 887 504 quam
907 422 1021 502 proelio
1039 433 1190 504 paratum:
1213 424 1298 487 Fabii

123 532 242 594 quoque
260 512 390 575 Valentis
413 515 515 591 copiae
539 508 612 592 (iam
635 514 715 573 enim
733 511 870 574 Ticinum
893 505 1029 594 venerat)
1048 515 1146 592 posito
1165 513 1296 576 bostium

86 613 102 664 5
122 610 295 682 contemptu
319 610 349 663 et
371 601 560 680 reciperandi
582 602 699 662 decoris
723 601 862 681 cupidine
886 602 1074 663 reverentius
1097 611 1128 662 et
1145 603 1298 682 aequalius

121 691 192 752 duci
214 690 366 770 parebant.
404 693 501 771 gravis
523 689 654 769 alioquin
673 689 779 751 seditio
798 697 957 770 exarserat,
981 707 1071 768 quam
1089 689 1194 751 altiore
1212 693 1299 753 initio

122 774 235 863 (neque
261 781 341 840 enim
364 797 466 840 rerum
489 797 505 839 a
529 777 654 840 Caecina
677 787 829 856 gestarum
852 777 987 838 ordinem
1009 780 1190 858 interrumpi
1212 799 1295 859 opor·

121 863 235 950 tuerat)
259 876 400 947 repetam.
424 867 563 929 cohortes
585 867 777 947 Batavorum,
805 885 879 945 quas
902 865 979 927 bello
1002 866 1130 928 Neronis
1153 887 1171 928 a
1194 877 1300 948 quarta

123 957 247 1018 decuma
270 957 385 1035 legione
408 957 571 1037 digressas,
594 973 663 1017 cum
685 955 868 1016 Britanniam
891 962 1040 1035 peterent,
1064 957 1166 1018 audito
1191 957 1298 1019 Vitellii

71 1058 105 1109 10
123 1054 208 1106 motu
230 1048 261 1105 in
285 1047 403 1107 civitate
426 1044 593 1124 Lingonum
614 1042 705 1104 Fabio
729 1043 844 1105 Valenti
867 1043 1021 1105 adiunctas
1044 1045 1226 1128 rettulimus,
1252 1065 1293 1109 su·

122 1133 215 1214 perbe
239 1133 374 1214 agebant,
397 1141 431 1194 ut
454 1136 600 1211 cuiusque
622 1131 748 1210 legionis
770 1134 900 1193 tentoria
920 1134 1127 1215 accessissent,
1151 1136 1295 1197 coercitos

123 1241 140 1283 a
168 1241 200 1283 se
228 1223 527 1302 quartadecumanos,
556 1221 681 1282 ablatam
703 1221 816 1282 Neroni
838 1220 950 1281 ltaliam
973 1228 1062 1300 atque
1086 1241 1207 1284 omnem
1231 1221 1295 1285 belli

124 1312 274 1373 fortunam
296 1313 328 1371 in
351 1313 485 1391 ipsorum
507 1328 597 1370 manu
616 1311 703 1371 sitam
720 1312 873 1370 iactantes.
906 1309 1154 1372 contumeliosum
1175 1312 1206 1372 id
1227 1311 1292 1375 nili·

124 1399 219 1480 tibus,
248 1399 388 1460 acerbum
417 1399 498 1480 duci,
526 1407 667 1478 corrupta
690 1400 795 1477 iurgiis
818 1405 871 1458 aut
893 1399 967 1459 rixis
990 1398 1160 1477 disciplina,
1189 1401 1228 1462 ad
1247 1419 1294 1479 po·

72 1496 106 1547 15
126 1498 271 1551 stremum
294 1487 401 1548 Valens
424 1506 440 1548 e
464 1487 627 1567 petulantia
651 1489 740 1549 etiam
762 1485 917 1566 perfidiam
940 1485 1138 1565 suspectabat.

72 1572 115 1638 28
216 1577 309 1655 lgitur
337 1579 442 1638 nuntio
471 1576 567 1637 adlato
595 1575 709 1654 pulsam
733 1574 932 1636 Treverorum
960 1574 1036 1636 alam
1057 1574 1256 1656 Tungrosque
1281 1593 1298 1636 a

125 1668 219 1728 classe
243 1664 369 1726 Othonis
397 1673 427 1726 et
449 1664 673 1725 Narbonensem
696 1663 819 1725 Galliam
846 1665 1012 1745 circumiri,
1041 1663 1131 1725 simul
1160 1668 1232 1727 cura
1254 1683 1295 1726 so

127 1758 190 1816 cios
217 1754 320 1813 tuendi
348 1761 378 1812 et
406 1753 527 1813 militari
554 1760 620 1812 astu
647 1752 786 1813 cohortes
814 1750 949 1812 turbidas
977 1770 1024 1833 ac,
1053 1754 1079 1812 si
1107 1773 1167 1815 una
1194 1754 1300 1834 forent,

126 1840 309 1922 praevalidas
337 1840 527 1920 dispergendi
555 1847 670 1918 partem
693 1840 870 1902 Batavorum
896 1842 941 1901 ire
964 1841 996 1900 in
1018 1841 1187 1903 subsidium
1208 1841 1296 1904 iubet.

91 1930 206 2010 equod
235 1929 288 1989 ubi
315 1929 449 1991 auditum
475 1929 700 2010 vulgatumque,
727 1947 861 1990 maerere
890 1931 976 2009 socii,
1003 1930 1131 1991 fremere
1161 1930 1298 2012 legiones.

127 2018 228 2081 orbari
251 2037 282 2079 se
306 2018 535 2079 fortissimorum
559 2019 693 2079 virorum
715 2017 838 2099 auxilio;
860 2025 977 2079 veteres
1000 2017 1066 2078 illos
1090 2026 1120 2079 et
1143 2027 1189 2081 tot
1212 2020 1298 2081 bello-

127 2127 194 2170 rum
218 2109 359 2189 victores,
388 2116 545 2188 postquam
567 2110 599 2168 in
622 2115 783 2186 conspectu
808 2108 848 2168 sit
870 2105 979 2187 bostis,
1002 2106 1084 2168 velut
1106 2125 1142 2168 ex
1167 2110 1231 2170 acie
1254 2108 1300 2169 ab

128 2198 206 2260 duci.
243 2199 269 2257 si
296 2199 448 2277 provincia
476 2195 551 2257 urbe
580 2205 610 2256 et
638 2194 732 2257 salute
760 2197 879 2275 imperii
901 2197 1001 2273 potior
1024 2198 1076 2275 sit,
1104 2215 1210 2258 omnes
1233 2197 1302 2259 illuc

165 2426 190 2474 2.
235 2419 403 2488 modestiam]
443 2417 686 2487 ‘subordinatiom
741 2418 805 2472 lust.
821 2449 853 2457 —
872 2405 949 2472 iiber
965 2419 1019 2473 den
1031 2380 1114 2490 Konj.
1129 2422 1306 2477 accessissent

129 2489 337 2555 Mannsnucht'3
357 2507 378 2544 s.
397 2506 431 2543 nu
448 2491 470 2557 Ι,
489 2496 532 2557 12,
553 2495 594 2544 10.

165 2560 325 2630 composuit]
347 2559 515 2615 ‘bekehrte’.
744 2507 764 2544 Β.
784 2507 817 2542 zu
835 2487 857 2556 I,
879 2494 920 2558 10,
941 2496 965 2545 τ’

778 2574 820 2622 11.
840 2569 961 2623 oblatam
978 2568 1087 2624 Neroni
1104 2570 1238 2643 Italiam]
1258 2570 1307 2626 Sic

165 2637 190 2685 4.
213 2631 328 2702 quoque]
355 2631 427 2685 ohne
447 2632 508 2697 sed,
531 2629 584 2684 wie
606 2631 688 2685 eliam
741 2639 840 2694 hittten
859 2638 903 2694 die
917 2640 1088 2694 Vierzebner
1101 2641 1191 2696 daron
1206 2640 1305 2711 gebin·

129 2705 162 2757 A.
183 2702 230 2770 Ill,
251 2708 292 2757 19.
311 2702 358 2770 IV,
377 2707 420 2756 36.
528 2721 532 2729 ·
692 2723 694 2729 ·
742 2709 815 2778 dert,
844 2708 906 2764 dem
925 2708 1000 2765 Nero
1019 2727 1053 2764 nu
1070 2710 1148 2768 Hills
1170 2731 1206 2767 au
1225 2713 1307 2768 kom-

168 2774 308 2844 Tiec'mum]
328 2791 349 2828 s.
369 2790 392 2828 c.
414 2778 455 2840 11,
475 2779 499 2828 8.
543 2843 549 2854 ·
594 2843 600 2855 ι
743 2796 817 2847 men,
831 2779 890 2834 und
904 2779 1047 2836 dieselben
1061 2799 1236 2854 geuwungen
1245 2783 1307 2838 sich

167 2845 322 2915 stecoris]
340 2844 689 2913 ‘derEhre'‚d1eslever⁴
743 2867 834 2920 gegeu
853 2851 927 2906 Nero
950 2870 985 2907 nu
1003 2852 1145 2923 erklbren,
1168 2854 1310 2909 woduroh

744 2921 846 3008 Itelieu
868 2921 914 2975 f1'1r
936 2922 986 2978 ihn
1007 2924 1135 2979 verloren
1153 2941 1309 2996 gegangen

744 2997 826 3117 Ἥ..
843 3004 897 3117 Zur
911 3063 1016 3118 Phrose
1035 3066 1067 3119 a'm
1083 3081 1171 3120 manu
1184 3067 1311 3123 alicuius

37 2940 40 2945 ·
130 2917 208 2970 loren
226 2916 333 2969 hatten.

167 2991 192 3040 6.
214 2986 351 3057 alioquim]
373 2986 483 3056 ‘ronst'‚
502 2984 555 3040 wie
573 2985 626 3051 ΙΙΙ,
646 2991 688 3039 81.

129 3056 163 3109 A.
182 3055 231 3124 III,
250 3059 266 3109 8
286 3056 397 3124 alloqui.

167 3133 191 3183 8.
215 3131 331 3195 repetere
356 3125 536 3193 ‘nachholem
559 3126 690 3181 nachtra·

130 3199 208 3270 gen',
227 3197 280 3252 wie
298 3197 345 3265 IV,
365 3201 409 3266 48,
427 3202 453 3253 1.
479 3196 506 3251 S.
526 3215 560 3251 nu
578 3197 600 3266 I,
618 3202 643 3262 4,
665 3202 688 3250 1.

130 3271 196 3325 Tac.
219 3269 322 3324 nimmt
345 3267 399 3322 den
422 3267 475 3321 mit
497 3268 522 3336 Ι,
541 3274 575 3323 66
605 3268 690 3336 abga-

130 3341 300 3396 broebenen‘
321 3339 416 3394 Faden
450 3338 500 3392 der
530 3338 691 3408 Erzbblung

130 3412 233 3467 wieder
252 3411 307 3467 auf.

166 3483 234 3536 bello
265 3481 398 3552 Neronis]
435 3479 514 3535 Beim
551 3478 689 3534 Aufstand

130 3552 480 3677 sabditlttttl
502 3550 690 3693 digallhnll

132 3691 181 3748 der
200 3691 241 3746 sie
260 3710 295 3746 au
313 3691 390 3747 einer
403 3692 532 3749 Division
550 3665 691 3762 vere’inigt

131 3779 239 3826 waren,
271 3762 329 3817 und
359 3762 538 3819 uerbinderte
565 3764 689 3819 dieselbe

132 3833 195 3888 dem
214 3833 312 3887 Kaiser
335 3852 369 3887 au
391 3833 467 3888 Hilfe
493 3853 526 3888 zu
549 3834 689 3890 kommen.

131 3903 196 3974 Vgl.
215 3922 250 3958 zu
268 3903 303 3971 ΙΙ,
324 3910 365 3972 11,
385 3912 409 3958 5.

169 3981 211 4029 10.
230 3976 395 4043 rmmlimmo]
413 3973 436 4042 Ι,
455 3979 497 4029 59.
518 3980 559 4028 64.

170 4051 212 4099 11.
231 4050 262 4099 ut
280 4044 420 4116 cuiusque]
442 4063 463 4100 s.
483 4063 517 4098 an
535 4043 557 4112 Ι,
575 4050 620 4112 29,
638 4050 663 4099 4.

168 4117 295 4185 temtora'o]
315 4116 365 4170 der
383 4114 473 4170 blolse
488 4118 553 4170 Ace.
572 4114 624 4170 wie
642 4114 690 4184 ΙΙΙ,

133 4192 202 4257 24,ss
216 4193 247 4243 act
261 4202 378 4257 quosque
392 4191 538 4241 accesserat
552 4185 609 4239 und
620 4183 690 4240 vier-

132 4260 191 4316 mal
215 4257 244 4312 in
269 4257 324 4311 den
346 4256 417 4311 Ann.
440 4256 512 4312 nach
536 4256 599 4310 dem
623 4255 691 4311 Vor-

128 4346 225 4402 gnnge
243 4347 299 4388 von
316 4326 424 4399 Nepos,
444 4327 534 4385 Varro
552 4325 610 4382 und
629 4325 690 4382 Sel-

744 3134 827 3188 sa'tum
844 3149 899 3190 esse
916 3133 973 3204 vgl.
992 3135 1024 3190 A.
1044 3134 1065 3203 I,
1085 3142 1127 3190 31.
1155 3134 1226 3193 Sall.
1245 3137 1310 3208 Ing.

746 3210 788 3271 31,
809 3211 833 3260 a.

782 3280 822 3330 14.
843 3276 956 3330 acerbus
976 3276 1308 3348 Ι1111111111,1111111111·

744 3345 811 3413 lich,
830 3345 1033 3404 schmernlich'.

780 3417 842 3489 aut]
866 3415 923 3472 fast
941 3442 975 3463 ==
996 3417 1077 3473 ‘teilo
1097 3448 1131 3458 -
1150 3418 1244 3474 telis'.
1281 3419 1309 3474 S.

743 3487 828 3542 Halm
841 3488 882 3542 im
895 3491 1045 3544 comment.
1059 3487 1121 3544 crit.
1136 3488 1187 3544 der
1197 3496 1224 3548 3.
1234 3490 1307 3546 Aufl.

744 3558 975 3627 musmo

780 3643 821 3693 15.
850 3654 864 3693 e
881 3640 1041 3708 petulantia
1059 3669 1094 3680 ·-
1117 3641 1314 3713 suspectabat]

746 3707 880 3764 ‘witberte
899 3708 993 3765 hintar
1011 3710 1061 3764 der
1078 3709 1253 3767 Frechheit’.

780 3885 829 3940 28.
851 3892 873 3940 1.
889 3888 1013 3959 pulsam]
1033 3888 1090 3957 vgi.
1111 3905 1134 3943 c.
1155 3893 1190 3942 14
1203 3888 1243 3959 fg.

781 3971 805 4019 3.
816 3964 1003 4089 ostmp'Aulser
1010 3967 1190 4023 dieserForm
1197 3968 1312 4025 kommb

744 4054 797 4090 nur
815 4035 861 4090 dre
903 4035 1051 4093 luralform
1070 4043 1148 4094 astus
1166 4055 1226 4095 ros.

745 4190 759 4238 7
780 4120 805 4239 62.
831 4121 871 4171 tot
890 4117 1020 4172 belloramo
1037 4118 1162 4188 timores]
1188 4134 1211 4172 s.
1231 4137 1265 4173 zu
1285 4133 1310 4175 c.

762 4226 814 4311 ⁷7..
829 4263 978 4327 postquam
995 4289 1031 4298 -
1048 4258 1098 4330 sit]
1126 4258 1154 4316 S.
1172 4259 1312 4329 Heraeus,

744 4327 794 4383 lab.
815 4325 942 4400 Sohnlgr.
962 4333 977 4394 5
996 4333 1056 4400 208,
1077 4336 1091 4383 1
1110 4328 1193 4385 Anm
1208 4337 1235 4386 3.
