<?xml version="1.0" encoding="UTF-8"?>
<!DOCTYPE html PUBLIC "-//W3C//DTD XHTML 1.0 Transitional//EN"
    "http://www.w3.org/TR/xhtml1/DTD/xhtml1-transitional.dtd">
<html xmlns="http://www.w3.org/1999/xhtml" xml:lang="en" lang="en">
 <head>
  <title>
</title>
<meta http-equiv="Content-Type" content="text/html;charset=utf-8" />
  <meta name='ocr-system' content='tesseract 3.04.00' />
  <meta name='ocr-capabilities' content='ocr_page ocr_carea ocr_par ocr_line ocrx_word'/>
</head>
<body>
  <div class='ocr_page' id='page_1' title='image "./corneliitacitih01heragoog_0050.png"; bbox 0 0 2752 4718; ppageno 0'>
   <div class='ocr_carea' id='block_1_1' title="bbox 147 143 933 209">
    <p class='ocr_par' dir='ltr' id='par_1_1' title="bbox 147 143 933 209">
     <span class='ocr_line' id='line_1_1' title="bbox 147 143 933 209; baseline 0.006 -14"><span class='ocrx_word' id='word_1_1' title='bbox 147 143 190 209; x_wconf 88' lang='grc'><strong>36</strong></span> <span class='ocrx_word' id='word_1_2' title='bbox 540 144 661 199; x_wconf 80' lang='grc' dir='ltr'>ΤΑΟΙΤΙ</span> <span class='ocrx_word' id='word_1_3' title='bbox 679 145 933 200; x_wconf 82' lang='lat' dir='ltr'><strong>HISTORIARUM</strong></span> 
     </span>
    </p>
   </div>
   <div class='ocr_carea' id='block_1_2' title="bbox 63 309 1325 1542">
    <p class='ocr_par' dir='ltr' id='par_1_2' title="bbox 63 309 1325 1542">
     <span class='ocr_line' id='line_1_2' title="bbox 146 309 1325 390; baseline 0.003 -21"><span class='ocrx_word' id='word_1_4' title='bbox 146 312 204 370; x_wconf 94' lang='lat' dir='ltr'><strong>iam</strong></span> <span class='ocrx_word' id='word_1_5' title='bbox 228 309 343 388; x_wconf 79' lang='lat' dir='ltr'>pridem</span> <span class='ocrx_word' id='word_1_6' title='bbox 368 317 488 370; x_wconf 91' lang='lat' dir='ltr'><strong>ventum</strong></span> <span class='ocrx_word' id='word_1_7' title='bbox 513 318 571 390; x_wconf 93' lang='lat' dir='ltr'><strong>est,</strong></span> <span class='ocrx_word' id='word_1_8' title='bbox 594 317 628 370; x_wconf 90' lang='lat' dir='ltr'><strong>ut</strong></span> <span class='ocrx_word' id='word_1_9' title='bbox 652 327 707 371; x_wconf 94' lang='lat' dir='ltr'><strong>nec</strong></span> <span class='ocrx_word' id='word_1_10' title='bbox 726 330 791 371; x_wconf 93' lang='lat' dir='ltr'><strong>mea</strong></span> <span class='ocrx_word' id='word_1_11' title='bbox 811 319 950 372; x_wconf 89' lang='lat' dir='ltr'><strong>senectus</strong></span> <span class='ocrx_word' id='word_1_12' title='bbox 970 312 1106 372; x_wconf 84' lang='lat' dir='ltr'><strong>conferre</strong></span> <span class='ocrx_word' id='word_1_13' title='bbox 1126 310 1193 389; x_wconf 91' lang='lat' dir='ltr'><strong>plus</strong></span> <span class='ocrx_word' id='word_1_14' title='bbox 1212 311 1325 390; x_wconf 87' lang='lat' dir='ltr'><strong>popule</strong></span> 
     </span>
     <span class='ocr_line' id='line_1_3' title="bbox 146 397 1325 477; baseline 0.003 -20"><span class='ocrx_word' id='word_1_15' title='bbox 146 397 279 458; x_wconf 87' lang='lat' dir='ltr'><strong>Romano</strong></span> <span class='ocrx_word' id='word_1_16' title='bbox 312 399 407 476; x_wconf 82' lang='lat' dir='ltr'><strong>possit</strong></span> <span class='ocrx_word' id='word_1_17' title='bbox 440 416 528 477; x_wconf 90' lang='lat' dir='ltr'><strong>quam</strong></span> <span class='ocrx_word' id='word_1_18' title='bbox 560 397 672 459; x_wconf 91' lang='lat' dir='ltr'><strong>bonum</strong></span> <span class='ocrx_word' id='word_1_19' title='bbox 705 418 909 461; x_wconf 81' lang='lat' dir='ltr'><strong>successorem</strong></span> <span class='ocrx_word' id='word_1_20' title='bbox 940 419 994 460; x_wconf 94' lang='lat' dir='ltr'><strong>nec</strong></span> <span class='ocrx_word' id='word_1_21' title='bbox 1026 409 1075 460; x_wconf 91' lang='lat' dir='ltr'><strong>tua</strong></span> <span class='ocrx_word' id='word_1_22' title='bbox 1104 400 1171 477; x_wconf 87' lang='lat' dir='ltr'><strong>plus</strong></span> <span class='ocrx_word' id='word_1_23' title='bbox 1204 401 1325 461; x_wconf 87' lang='lat' dir='ltr'><strong>iuventa</strong></span> 
     </span>
     <span class='ocr_line' id='line_1_4' title="bbox 110 486 1321 565; baseline 0.001 -18"><span class='ocrx_word' id='word_1_24' title='bbox 110 498 233 565; x_wconf 74' lang='lat' dir='ltr'><strong>squam</strong></span> <span class='ocrx_word' id='word_1_25' title='bbox 258 487 369 547; x_wconf 92' lang='lat' dir='ltr'><strong>bonum</strong></span> <span class='ocrx_word' id='word_1_26' title='bbox 393 489 566 565; x_wconf 84' lang='lat' dir='ltr'><strong>principem.</strong></span> <span class='ocrx_word' id='word_1_27' title='bbox 601 486 656 547; x_wconf 94' lang='lat' dir='ltr'><strong>sub</strong></span> <span class='ocrx_word' id='word_1_28' title='bbox 676 486 795 548; x_wconf 85' lang='lat' dir='ltr'><strong>&#39;liberio</strong></span> <span class='ocrx_word' id='word_1_29' title='bbox 819 497 849 548; x_wconf 91' lang='lat' dir='ltr'><strong>et</strong></span> <span class='ocrx_word' id='word_1_30' title='bbox 873 487 944 549; x_wconf 87' lang='lat' dir='ltr'><strong>Gaio</strong></span> <span class='ocrx_word' id='word_1_31' title='bbox 968 497 998 549; x_wconf 92' lang='lat' dir='ltr'><strong>et</strong></span> <span class='ocrx_word' id='word_1_32' title='bbox 1021 488 1143 549; x_wconf 90' lang='lat' dir='ltr'><strong>Claudio</strong></span> <span class='ocrx_word' id='word_1_33' title='bbox 1167 489 1257 549; x_wconf 90' lang='lat' dir='ltr'><strong>unius</strong></span> <span class='ocrx_word' id='word_1_34' title='bbox 1282 489 1321 548; x_wconf 84' lang='lat' dir='ltr'><strong>i·</strong></span> 
     </span>
     <span class='ocr_line' id='line_1_5' title="bbox 143 575 1320 657; baseline 0.003 -22"><span class='ocrx_word' id='word_1_35' title='bbox 143 576 241 635; x_wconf 89' lang='lat' dir='ltr'><strong>miliae</strong></span> <span class='ocrx_word' id='word_1_36' title='bbox 266 577 351 655; x_wconf 83' lang='lat' dir='ltr'><strong>quasi</strong></span> <span class='ocrx_word' id='word_1_37' title='bbox 374 575 524 636; x_wconf 89' lang='lat' dir='ltr'><strong>hereditas</strong></span> <span class='ocrx_word' id='word_1_38' title='bbox 543 575 666 636; x_wconf 84' lang='lat' dir='ltr'><strong>luimus:</strong></span> <span class='ocrx_word' id='word_1_39' title='bbox 690 575 755 637; x_wconf 91' lang='lat' dir='ltr'><strong>loco</strong></span> <span class='ocrx_word' id='word_1_40' title='bbox 775 575 921 637; x_wconf 84' lang='lat' dir='ltr'><strong>libertatis</strong></span> <span class='ocrx_word' id='word_1_41' title='bbox 941 579 1011 656; x_wconf 84' lang='lat' dir='ltr'><strong>erit,</strong></span> <span class='ocrx_word' id='word_1_42' title='bbox 1035 576 1114 656; x_wconf 94' lang='lat' dir='ltr'><strong>quod</strong></span> <span class='ocrx_word' id='word_1_43' title='bbox 1134 575 1202 654; x_wconf 83' lang='lat' dir='ltr'><strong>eligi</strong></span> <span class='ocrx_word' id='word_1_44' title='bbox 1222 580 1320 657; x_wconf 86' lang='lat' dir='ltr'><strong>coepi-</strong></span> 
     </span>
     <span class='ocr_line' id='line_1_6' title="bbox 143 663 1319 745; baseline 0.002 -21"><span class='ocrx_word' id='word_1_45' title='bbox 143 682 224 744; x_wconf 87' lang='lat' dir='ltr'><strong>mus,</strong></span> <span class='ocrx_word' id='word_1_46' title='bbox 258 672 287 724; x_wconf 88' lang='lat' dir='ltr'><strong>et</strong></span> <span class='ocrx_word' id='word_1_47' title='bbox 319 665 402 724; x_wconf 83' lang='lat' dir='ltr'><strong>linita</strong></span> <span class='ocrx_word' id='word_1_48' title='bbox 429 663 573 724; x_wconf 92' lang='lat' dir='ltr'><strong>Iuliorum</strong></span> <span class='ocrx_word' id='word_1_49' title='bbox 601 663 852 745; x_wconf 80' lang='lat' dir='ltr'><strong>Claudiorumque</strong></span> <span class='ocrx_word' id='word_1_50' title='bbox 880 666 967 726; x_wconf 93' lang='lat' dir='ltr'><strong>domo</strong></span> <span class='ocrx_word' id='word_1_51' title='bbox 996 667 1141 743; x_wconf 80' lang='lat' dir='ltr'><strong>optimum</strong></span> <span class='ocrx_word' id='word_1_52' title='bbox 1169 684 1319 745; x_wconf 88' lang='lat' dir='ltr'><strong>quemque</strong></span> 
     </span>
     <span class='ocr_line' id='line_1_7' title="bbox 144 752 1322 833; baseline 0.002 -21"><span class='ocrx_word' id='word_1_53' title='bbox 144 752 262 831; x_wconf 87' lang='lat' dir='ltr'><strong>adoptio</strong></span> <span class='ocrx_word' id='word_1_54' title='bbox 290 754 428 813; x_wconf 87' lang='lat' dir='ltr'><strong>inveniet.</strong></span> <span class='ocrx_word' id='word_1_55' title='bbox 475 770 543 813; x_wconf 91' lang='lat' dir='ltr'><strong>nam</strong></span> <span class='ocrx_word' id='word_1_56' title='bbox 571 755 708 830; x_wconf 89' lang='lat' dir='ltr'><strong>generari</strong></span> <span class='ocrx_word' id='word_1_57' title='bbox 735 763 766 814; x_wconf 89' lang='lat' dir='ltr'><strong>et</strong></span> <span class='ocrx_word' id='word_1_58' title='bbox 792 757 876 814; x_wconf 92' lang='lat' dir='ltr'><strong>nasci</strong></span> <span class='ocrx_word' id='word_1_59' title='bbox 903 773 919 814; x_wconf 94' lang='lat' dir='ltr'><strong>a</strong></span> <span class='ocrx_word' id='word_1_60' title='bbox 942 752 1130 833; x_wconf 86' lang='lat' dir='ltr'><strong>principibus</strong></span> <span class='ocrx_word' id='word_1_61' title='bbox 1163 754 1322 815; x_wconf 89' lang='lat' dir='ltr'><strong>lortuitum</strong></span> 
     </span>
     <span class='ocr_line' id='line_1_8' title="bbox 143 840 1321 922; baseline 0.003 -22"><span class='ocrx_word' id='word_1_62' title='bbox 143 858 199 901; x_wconf 90' lang='lat' dir='ltr'><strong>nec</strong></span> <span class='ocrx_word' id='word_1_63' title='bbox 223 841 301 901; x_wconf 91' lang='lat' dir='ltr'><strong>ultra</strong></span> <span class='ocrx_word' id='word_1_64' title='bbox 324 842 509 901; x_wconf 88' lang='lat' dir='ltr'><strong>aestimatur:</strong></span> <span class='ocrx_word' id='word_1_65' title='bbox 533 840 694 920; x_wconf 87' lang='lat' dir='ltr'><strong>adoptandi</strong></span> <span class='ocrx_word' id='word_1_66' title='bbox 715 842 860 903; x_wconf 92' lang='lat' dir='ltr'><strong>indicium</strong></span> <span class='ocrx_word' id='word_1_67' title='bbox 883 845 1046 922; x_wconf 89' lang='lat' dir='ltr'><strong>integrum,</strong></span> <span class='ocrx_word' id='word_1_68' title='bbox 1071 850 1101 901; x_wconf 88' lang='lat' dir='ltr'><strong>et</strong></span> <span class='ocrx_word' id='word_1_69' title='bbox 1124 844 1150 901; x_wconf 92' lang='lat' dir='ltr'><strong>si</strong></span> <span class='ocrx_word' id='word_1_70' title='bbox 1172 842 1246 902; x_wconf 92' lang='lat' dir='ltr'><strong>velis</strong></span> <span class='ocrx_word' id='word_1_71' title='bbox 1269 842 1321 903; x_wconf 92' lang='lat' dir='ltr'><strong>eli·</strong></span> 
     </span>
     <span class='ocr_line' id='line_1_9' title="bbox 91 929 1321 1010; baseline 0.002 -21"><span class='ocrx_word' id='word_1_72' title='bbox 91 940 223 1010; x_wconf 81' lang='lat' dir='ltr'><strong>lugere,</strong></span> <span class='ocrx_word' id='word_1_73' title='bbox 248 947 396 990; x_wconf 91' lang='lat' dir='ltr'><strong>consensu</strong></span> <span class='ocrx_word' id='word_1_74' title='bbox 419 937 613 990; x_wconf 83' lang='lat' dir='ltr'><strong>monstratur.</strong></span> <span class='ocrx_word' id='word_1_75' title='bbox 648 931 688 991; x_wconf 92' lang='lat' dir='ltr'><strong>sit</strong></span> <span class='ocrx_word' id='word_1_76' title='bbox 710 938 779 991; x_wconf 94' lang='lat' dir='ltr'><strong>ante</strong></span> <span class='ocrx_word' id='word_1_77' title='bbox 798 929 901 991; x_wconf 88' lang='lat' dir='ltr'><strong>oculos</strong></span> <span class='ocrx_word' id='word_1_78' title='bbox 920 931 1007 1009; x_wconf 90' lang='lat' dir='ltr'><strong>Nero,</strong></span> <span class='ocrx_word' id='word_1_79' title='bbox 1032 948 1120 1010; x_wconf 90' lang='lat' dir='ltr'><strong>quem</strong></span> <span class='ocrx_word' id='word_1_80' title='bbox 1145 929 1231 1009; x_wconf 93' lang='lat' dir='ltr'><strong>longa</strong></span> <span class='ocrx_word' id='word_1_81' title='bbox 1250 930 1321 991; x_wconf 88' lang='lat' dir='ltr'><strong>Cae-</strong></span> 
     </span>
     <span class='ocr_line' id='line_1_10' title="bbox 144 1017 1323 1099; baseline 0.003 -22"><span class='ocrx_word' id='word_1_82' title='bbox 144 1035 244 1078; x_wconf 91' lang='lat' dir='ltr'><strong>sarum</strong></span> <span class='ocrx_word' id='word_1_83' title='bbox 273 1019 350 1077; x_wconf 89' lang='lat' dir='ltr'><strong>serie</strong></span> <span class='ocrx_word' id='word_1_84' title='bbox 378 1025 544 1078; x_wconf 82' lang='lat' dir='ltr'><strong>tumentem</strong></span> <span class='ocrx_word' id='word_1_85' title='bbox 567 1036 627 1079; x_wconf 92' lang='lat' dir='ltr'><strong>non</strong></span> <span class='ocrx_word' id='word_1_86' title='bbox 650 1017 764 1079; x_wconf 86' lang='lat' dir='ltr'><strong>Vindex</strong></span> <span class='ocrx_word' id='word_1_87' title='bbox 788 1037 856 1080; x_wconf 92' lang='lat' dir='ltr'><strong>cum</strong></span> <span class='ocrx_word' id='word_1_88' title='bbox 884 1021 993 1079; x_wconf 91' lang='lat' dir='ltr'><strong>inermi</strong></span> <span class='ocrx_word' id='word_1_89' title='bbox 1015 1021 1168 1097; x_wconf 87' lang='lat' dir='ltr'><strong>provincia</strong></span> <span class='ocrx_word' id='word_1_90' title='bbox 1192 1027 1244 1080; x_wconf 91' lang='lat' dir='ltr'><strong>aut</strong></span> <span class='ocrx_word' id='word_1_91' title='bbox 1267 1038 1323 1099; x_wconf 86' lang='lat' dir='ltr'><strong>ego</strong></span> 
     </span>
     <span class='ocr_line' id='line_1_11' title="bbox 63 1106 1322 1187; baseline 0.002 -21"><span class='ocrx_word' id='word_1_92' title='bbox 63 1178 65 1182; x_wconf 21' lang='lat'><strong><em>¹</em></strong></span> <span class='ocrx_word' id='word_1_93' title='bbox 144 1124 212 1166; x_wconf 91' lang='lat' dir='ltr'><strong>cum</strong></span> <span class='ocrx_word' id='word_1_94' title='bbox 236 1124 293 1167; x_wconf 93' lang='lat' dir='ltr'><strong>nna</strong></span> <span class='ocrx_word' id='word_1_95' title='bbox 318 1106 443 1187; x_wconf 82' lang='lat' dir='ltr'><strong>legione,</strong></span> <span class='ocrx_word' id='word_1_96' title='bbox 467 1106 597 1169; x_wconf 84' lang='lat' dir='ltr'><strong>sedsua</strong></span> <span class='ocrx_word' id='word_1_97' title='bbox 616 1109 793 1187; x_wconf 89' lang='lat' dir='ltr'><strong>immanitas,</strong></span> <span class='ocrx_word' id='word_1_98' title='bbox 817 1126 870 1168; x_wconf 93' lang='lat' dir='ltr'><strong>sua</strong></span> <span class='ocrx_word' id='word_1_99' title='bbox 894 1108 1013 1169; x_wconf 84' lang='lat' dir='ltr'><strong>luxuria</strong></span> <span class='ocrx_word' id='word_1_100' title='bbox 1032 1107 1201 1168; x_wconf 88' lang='lat' dir='ltr'><strong>cervicibus</strong></span> <span class='ocrx_word' id='word_1_101' title='bbox 1224 1107 1322 1186; x_wconf 91' lang='lat' dir='ltr'><strong>publi·</strong></span> 
     </span>
     <span class='ocr_line' id='line_1_12' title="bbox 143 1195 1322 1276; baseline 0.003 -22"><span class='ocrx_word' id='word_1_102' title='bbox 143 1197 187 1255; x_wconf 92' lang='lat' dir='ltr'><strong>cis</strong></span> <span class='ocrx_word' id='word_1_103' title='bbox 221 1195 415 1276; x_wconf 70' lang='lat' dir='ltr'><strong>depulerunt,</strong></span> <span class='ocrx_word' id='word_1_104' title='bbox 447 1213 544 1274; x_wconf 92' lang='lat' dir='ltr'><strong>neque</strong></span> <span class='ocrx_word' id='word_1_105' title='bbox 578 1202 641 1255; x_wconf 88' lang='lat' dir='ltr'><strong>erat</strong></span> <span class='ocrx_word' id='word_1_106' title='bbox 673 1196 770 1256; x_wconf 90' lang='lat' dir='ltr'><strong>adhuc</strong></span> <span class='ocrx_word' id='word_1_107' title='bbox 803 1196 933 1257; x_wconf 93' lang='lat' dir='ltr'><strong>damnati</strong></span> <span class='ocrx_word' id='word_1_108' title='bbox 964 1197 1109 1275; x_wconf 86' lang='lat' dir='ltr'><strong>principis</strong></span> <span class='ocrx_word' id='word_1_109' title='bbox 1144 1195 1322 1275; x_wconf 85' lang='lat' dir='ltr'><strong>exemplum.</strong></span> 
     </span>
     <span class='ocr_line' id='line_1_13' title="bbox 143 1283 1323 1364; baseline 0.002 -21"><span class='ocrx_word' id='word_1_110' title='bbox 143 1302 198 1344; x_wconf 92' lang='lat' dir='ltr'><strong>nos</strong></span> <span class='ocrx_word' id='word_1_111' title='bbox 221 1283 299 1344; x_wconf 91' lang='lat' dir='ltr'><strong>bello</strong></span> <span class='ocrx_word' id='word_1_112' title='bbox 323 1292 353 1344; x_wconf 90' lang='lat' dir='ltr'><strong>et</strong></span> <span class='ocrx_word' id='word_1_113' title='bbox 376 1283 412 1344; x_wconf 95' lang='lat' dir='ltr'><strong>ab</strong></span> <span class='ocrx_word' id='word_1_114' title='bbox 437 1283 661 1344; x_wconf 88' lang='lat' dir='ltr'><strong>aestimantibus</strong></span> <span class='ocrx_word' id='word_1_115' title='bbox 684 1284 790 1345; x_wconf 91' lang='lat' dir='ltr'><strong>adsciti</strong></span> <span class='ocrx_word' id='word_1_116' title='bbox 813 1303 882 1345; x_wconf 93' lang='lat' dir='ltr'><strong>cum</strong></span> <span class='ocrx_word' id='word_1_117' title='bbox 910 1284 1020 1345; x_wconf 89' lang='lat' dir='ltr'><strong>invidia</strong></span> <span class='ocrx_word' id='word_1_118' title='bbox 1049 1286 1183 1364; x_wconf 89' lang='lat' dir='ltr'><strong>quamvis</strong></span> <span class='ocrx_word' id='word_1_119' title='bbox 1207 1287 1323 1364; x_wconf 84' lang='lat' dir='ltr'><strong>egregii</strong></span> 
     </span>
     <span class='ocr_line' id='line_1_14' title="bbox 91 1372 1321 1453; baseline 0.002 -22"><span class='ocrx_word' id='word_1_120' title='bbox 91 1383 123 1432; x_wconf 86' lang='lat'><strong>15</strong></span> <span class='ocrx_word' id='word_1_121' title='bbox 143 1375 263 1434; x_wconf 90' lang='lat' dir='ltr'><strong>erimus.</strong></span> <span class='ocrx_word' id='word_1_122' title='bbox 296 1390 333 1432; x_wconf 88' lang='lat' dir='ltr'><strong>ne</strong></span> <span class='ocrx_word' id='word_1_123' title='bbox 357 1382 456 1432; x_wconf 90' lang='lat' dir='ltr'><strong>tamen</strong></span> <span class='ocrx_word' id='word_1_124' title='bbox 479 1373 604 1433; x_wconf 88' lang='lat' dir='ltr'><strong>territus</strong></span> <span class='ocrx_word' id='word_1_125' title='bbox 627 1372 729 1453; x_wconf 81' lang='lat' dir='ltr'><strong>fueris,</strong></span> <span class='ocrx_word' id='word_1_126' title='bbox 753 1375 778 1434; x_wconf 91' lang='lat' dir='ltr'><strong>si</strong></span> <span class='ocrx_word' id='word_1_127' title='bbox 802 1373 877 1434; x_wconf 92' lang='lat' dir='ltr'><strong>duae</strong></span> <span class='ocrx_word' id='word_1_128' title='bbox 900 1374 1033 1451; x_wconf 89' lang='lat' dir='ltr'><strong>legiones</strong></span> <span class='ocrx_word' id='word_1_129' title='bbox 1051 1375 1081 1434; x_wconf 93' lang='lat' dir='ltr'><strong>in</strong></span> <span class='ocrx_word' id='word_1_130' title='bbox 1101 1372 1158 1432; x_wconf 92' lang='lat' dir='ltr'><strong>hoc</strong></span> <span class='ocrx_word' id='word_1_131' title='bbox 1178 1377 1321 1435; x_wconf 89' lang='lat' dir='ltr'><strong>concussi</strong></span> 
     </span>
     <span class='ocr_line' id='line_1_15' title="bbox 142 1461 1320 1542; baseline 0.002 -21"><span class='ocrx_word' id='word_1_132' title='bbox 142 1462 224 1522; x_wconf 91' lang='lat' dir='ltr'><strong>orbis</strong></span> <span class='ocrx_word' id='word_1_133' title='bbox 248 1469 332 1522; x_wconf 90' lang='lat' dir='ltr'><strong>motu</strong></span> <span class='ocrx_word' id='word_1_134' title='bbox 355 1461 487 1522; x_wconf 93' lang='lat' dir='ltr'><strong>nondum</strong></span> <span class='ocrx_word' id='word_1_135' title='bbox 511 1463 682 1540; x_wconf 90' lang='lat' dir='ltr'><strong>quiescunt:</strong></span> <span class='ocrx_word' id='word_1_136' title='bbox 705 1479 743 1522; x_wconf 93' lang='lat' dir='ltr'><strong>ne</strong></span> <span class='ocrx_word' id='word_1_137' title='bbox 766 1463 831 1541; x_wconf 92' lang='lat' dir='ltr'><strong>ipse</strong></span> <span class='ocrx_word' id='word_1_138' title='bbox 856 1462 975 1542; x_wconf 92' lang='lat' dir='ltr'><strong>quidem</strong></span> <span class='ocrx_word' id='word_1_139' title='bbox 995 1461 1031 1522; x_wconf 94' lang='lat' dir='ltr'><strong>ad</strong></span> <span class='ocrx_word' id='word_1_140' title='bbox 1050 1479 1172 1521; x_wconf 87' lang='lat' dir='ltr'><strong>securas</strong></span> <span class='ocrx_word' id='word_1_141' title='bbox 1196 1479 1246 1522; x_wconf 88' lang='lat' dir='ltr'><strong>res</strong></span> <span class='ocrx_word' id='word_1_142' title='bbox 1272 1481 1320 1523; x_wconf 91' lang='lat' dir='ltr'><strong>ac-</strong></span> 
     </span>
    </p>
   </div>
   <div class='ocr_carea' id='block_1_3' title="bbox 136 1683 1324 4372">
    <p class='ocr_par' dir='ltr' id='par_1_3' title="bbox 139 1683 1324 3097">
     <span class='ocr_line' id='line_1_16' title="bbox 141 1683 1322 1805; baseline 0.003 -67"><span class='ocrx_word' id='word_1_143' title='bbox 141 1685 228 1752; x_wconf 76' lang='lat' dir='ltr'><strong>fnisse</strong></span> <span class='ocrx_word' id='word_1_144' title='bbox 250 1685 301 1738; x_wconf 87' lang='lat' dir='ltr'><strong>sub</strong></span> <span class='ocrx_word' id='word_1_145' title='bbox 326 1684 456 1753; x_wconf 74' lang='lat' dir='ltr'><strong>Pompeio</strong></span> <span class='ocrx_word' id='word_1_146' title='bbox 481 1684 624 1752; x_wconf 80' lang='lat' dir='ltr'><strong>Brutoque</strong></span> <span class='ocrx_word' id='word_1_147' title='bbox 647 1700 703 1739; x_wconf 90' lang='lat' dir='ltr'><strong>rem</strong></span> <span class='ocrx_word' id='word_1_148' title='bbox 795 1690 836 1739; x_wconf 80' lang='lat'><strong>12.</strong></span> <span class='ocrx_word' id='word_1_149' title='bbox 856 1701 916 1740; x_wconf 89' lang='lat' dir='ltr'><strong>anm</strong></span> <span class='ocrx_word' id='word_1_150' title='bbox 934 1700 993 1765; x_wconf 80' lang='lat' dir='ltr'><strong>unq</strong></span> <span class='ocrx_word' id='word_1_151' title='bbox 1011 1683 1126 1805; x_wconf 38' lang='lat' dir='ltr'><strong>letitie}</strong></span> <span class='ocrx_word' id='word_1_152' title='bbox 1142 1684 1189 1752; x_wconf 75' lang='lat' dir='ltr'><strong>leg.</strong></span> <span class='ocrx_word' id='word_1_153' title='bbox 1198 1684 1246 1738; x_wconf 89' lang='lat' dir='ltr'><strong>VI</strong></span> <span class='ocrx_word' id='word_1_154' title='bbox 1257 1685 1322 1741; x_wconf 87' lang='lat' dir='ltr'><strong>Vic-</strong></span> 
     </span>
     <span class='ocr_line' id='line_1_17' title="bbox 139 1753 1323 1823; baseline 0.003 -15"><span class='ocrx_word' id='word_1_155' title='bbox 139 1756 290 1823; x_wconf 80' lang='lat' dir='ltr'><strong>publicam.</strong></span> <span class='ocrx_word' id='word_1_156' title='bbox 757 1756 825 1822; x_wconf 81' lang='lat' dir='ltr'><strong>tria,</strong></span> <span class='ocrx_word' id='word_1_157' title='bbox 844 1753 936 1809; x_wconf 85' lang='lat' dir='ltr'><strong>disin</strong></span> <span class='ocrx_word' id='word_1_158' title='bbox 954 1753 1091 1823; x_wconf 83' lang='lat' dir='ltr'><strong>Hrspama</strong></span> <span class='ocrx_word' id='word_1_159' title='bbox 1128 1757 1323 1812; x_wconf 81' lang='lat' dir='ltr'><strong>armconensis</strong></span> 
     </span>
     <span class='ocr_line' id='line_1_18' title="bbox 177 1824 1322 1895; baseline 0.002 -16"><span class='ocrx_word' id='word_1_160' title='bbox 177 1826 263 1895; x_wconf 88' lang='lat' dir='ltr'><strong>nnnc]</strong></span> <span class='ocrx_word' id='word_1_161' title='bbox 283 1845 304 1881; x_wconf 87' lang='lat' dir='ltr'><strong>s.</strong></span> <span class='ocrx_word' id='word_1_162' title='bbox 325 1843 358 1878; x_wconf 86' lang='lat' dir='ltr'><strong>zu</strong></span> <span class='ocrx_word' id='word_1_163' title='bbox 377 1841 399 1878; x_wconf 90' lang='lat' dir='ltr'><strong>c.</strong></span> <span class='ocrx_word' id='word_1_164' title='bbox 421 1830 462 1891; x_wconf 83' lang='grc'><strong>16,</strong></span> <span class='ocrx_word' id='word_1_165' title='bbox 482 1829 505 1878; x_wconf 83' lang='grc'><strong>6.</strong></span> <span class='ocrx_word' id='word_1_166' title='bbox 758 1826 841 1879; x_wconf 76' lang='lat' dir='ltr'><strong>stand</strong></span> <span class='ocrx_word' id='word_1_167' title='bbox 864 1825 922 1880; x_wconf 90' lang='lat' dir='ltr'><strong>und</strong></span> <span class='ocrx_word' id='word_1_168' title='bbox 946 1824 1037 1879; x_wconf 81' lang='lat' dir='ltr'><strong>Galba</strong></span> <span class='ocrx_word' id='word_1_169' title='bbox 1062 1825 1153 1877; x_wconf 70' lang='lat' dir='ltr'><strong>niteret</strong></span> <span class='ocrx_word' id='word_1_170' title='bbox 1176 1843 1239 1878; x_wconf 84' lang='lat' dir='ltr'><strong>num</strong></span> <span class='ocrx_word' id='word_1_171' title='bbox 1264 1827 1322 1882; x_wconf 90' lang='lat' dir='ltr'><strong>Im·</strong></span> 
     </span>
     <span class='ocr_line' id='line_1_19' title="bbox 178 1892 1296 1967; baseline 0.002 -17"><span class='ocrx_word' id='word_1_172' title='bbox 178 1903 202 1950; x_wconf 88' lang='lat'><strong>3.</strong></span> <span class='ocrx_word' id='word_1_173' title='bbox 222 1897 344 1963; x_wconf 76' lang='lat' dir='ltr'><strong>conferre</strong></span> <span class='ocrx_word' id='word_1_174' title='bbox 365 1895 536 1961; x_wconf 74' lang='lat' dir='ltr'><strong>‘nuwendem</strong></span> <span class='ocrx_word' id='word_1_175' title='bbox 554 1893 670 1949; x_wconf 83' lang='lat' dir='ltr'><strong>bielen&#39;.</strong></span> <span class='ocrx_word' id='word_1_176' title='bbox 757 1897 870 1966; x_wconf 79' lang='lat' dir='ltr'><strong>perator</strong></span> <span class='ocrx_word' id='word_1_177' title='bbox 889 1892 1056 1964; x_wconf 85' lang='lat' dir='ltr'><strong>ausgerufen</strong></span> <span class='ocrx_word' id='word_1_178' title='bbox 1075 1894 1156 1948; x_wconf 81' lang='lat' dir='ltr'><strong>hatte</strong></span> <span class='ocrx_word' id='word_1_179' title='bbox 1175 1894 1219 1963; x_wconf 85' lang='lat' dir='ltr'><strong>(V,</strong></span> <span class='ocrx_word' id='word_1_180' title='bbox 1237 1900 1296 1967; x_wconf 88' lang='grc'><strong>16).</strong></span> 
     </span>
     <span class='ocr_line' id='line_1_20' title="bbox 178 1964 1323 2037; baseline 0.002 -16"><span class='ocrx_word' id='word_1_181' title='bbox 178 1974 200 2020; x_wconf 82' lang='lat'><strong>5.</strong></span> <span class='ocrx_word' id='word_1_182' title='bbox 216 1965 703 2037; x_wconf 82' lang='lat' dir='ltr'><strong>nniusfamiliae]lnliae,inwelahe</strong></span> <span class='ocrx_word' id='word_1_183' title='bbox 793 1967 942 2021; x_wconf 88' lang='lat' dir='ltr'><strong>ceruicibus</strong></span> <span class='ocrx_word' id='word_1_184' title='bbox 958 1964 1091 2034; x_wconf 81' lang='lat' dir='ltr'><strong>publicis]</strong></span> <span class='ocrx_word' id='word_1_185' title='bbox 1109 1965 1185 2019; x_wconf 83' lang='lat' dir='ltr'><strong>‘vom</strong></span> <span class='ocrx_word' id='word_1_186' title='bbox 1200 1966 1323 2023; x_wconf 88' lang='lat' dir='ltr'><strong>Nacken</strong></span> 
     </span>
     <span class='ocr_line' id='line_1_21' title="bbox 141 2034 1324 2094; baseline 0.002 -2"><span class='ocrx_word' id='word_1_187' title='bbox 141 2037 268 2092; x_wconf 76' lang='lat' dir='ltr'><strong>Tiberius</strong></span> <span class='ocrx_word' id='word_1_188' title='bbox 294 2038 351 2092; x_wconf 89' lang='lat' dir='ltr'><strong>und</strong></span> <span class='ocrx_word' id='word_1_189' title='bbox 377 2037 437 2092; x_wconf 87' lang='lat' dir='ltr'><strong>scin</strong></span> <span class='ocrx_word' id='word_1_190' title='bbox 462 2037 569 2091; x_wconf 89' lang='lat' dir='ltr'><strong>Bruder</strong></span> <span class='ocrx_word' id='word_1_191' title='bbox 596 2036 702 2091; x_wconf 84' lang='lat' dir='ltr'><strong>Drusus</strong></span> <span class='ocrx_word' id='word_1_192' title='bbox 758 2038 808 2092; x_wconf 91' lang='lat' dir='ltr'><strong>des</strong></span> <span class='ocrx_word' id='word_1_193' title='bbox 821 2036 1026 2092; x_wconf 83' lang='lat' dir='ltr'><strong>Vaterlendes’.</strong></span> <span class='ocrx_word' id='word_1_194' title='bbox 1055 2038 1110 2090; x_wconf 89' lang='lat' dir='ltr'><strong>Der</strong></span> <span class='ocrx_word' id='word_1_195' title='bbox 1128 2034 1224 2089; x_wconf 88' lang='lat' dir='ltr'><strong>Plural</strong></span> <span class='ocrx_word' id='word_1_196' title='bbox 1243 2040 1324 2094; x_wconf 81' lang='lat' dir='ltr'><strong>steht</strong></span> 
     </span>
     <span class='ocr_line' id='line_1_22' title="bbox 141 2106 1321 2178; baseline 0.002 -15"><span class='ocrx_word' id='word_1_197' title='bbox 141 2110 224 2163; x_wconf 85' lang='lat' dir='ltr'><strong>nebst</strong></span> <span class='ocrx_word' id='word_1_198' title='bbox 250 2109 349 2163; x_wconf 91' lang='lat' dir='ltr'><strong>dessen</strong></span> <span class='ocrx_word' id='word_1_199' title='bbox 372 2107 485 2164; x_wconf 82' lang='lat' dir='ltr'><strong>Sdhnen</strong></span> <span class='ocrx_word' id='word_1_200' title='bbox 508 2109 613 2162; x_wconf 86' lang='lat' dir='ltr'><strong>Drusus</strong></span> <span class='ocrx_word' id='word_1_201' title='bbox 638 2107 702 2162; x_wconf 84' lang='lat' dir='ltr'><strong>Ger·</strong></span> <span class='ocrx_word' id='word_1_202' title='bbox 756 2108 796 2163; x_wconf 91' lang='lat' dir='ltr'><strong>im</strong></span> <span class='ocrx_word' id='word_1_203' title='bbox 818 2108 1048 2178; x_wconf 81' lang='lat' dir='ltr'><strong>nneigentlichen</strong></span> <span class='ocrx_word' id='word_1_204' title='bbox 1067 2106 1164 2174; x_wconf 84' lang='lat' dir='ltr'><strong>Sinna,</strong></span> <span class='ocrx_word' id='word_1_205' title='bbox 1187 2108 1240 2163; x_wconf 82' lang='lat' dir='ltr'><strong>wie</strong></span> <span class='ocrx_word' id='word_1_206' title='bbox 1261 2108 1321 2164; x_wconf 79' lang='lat' dir='ltr'><strong>Cic.</strong></span> 
     </span>
     <span class='ocr_line' id='line_1_23' title="bbox 140 2178 1321 2248; baseline 0.002 -14"><span class='ocrx_word' id='word_1_207' title='bbox 140 2179 268 2235; x_wconf 81' lang='lat' dir='ltr'><strong>mamone</strong></span> <span class='ocrx_word' id='word_1_208' title='bbox 287 2181 344 2234; x_wconf 87' lang='lat' dir='ltr'><strong>und</strong></span> <span class='ocrx_word' id='word_1_209' title='bbox 358 2179 490 2234; x_wconf 84' lang='lat' dir='ltr'><strong>Claudius</strong></span> <span class='ocrx_word' id='word_1_210' title='bbox 506 2180 593 2234; x_wconf 89' lang='lat' dir='ltr'><strong>durch</strong></span> <span class='ocrx_word' id='word_1_211' title='bbox 606 2179 701 2248; x_wconf 88' lang='lat' dir='ltr'><strong>Adop-</strong></span> <span class='ocrx_word' id='word_1_212' title='bbox 756 2180 786 2234; x_wconf 88' lang='lat' dir='ltr'><strong>in</strong></span> <span class='ocrx_word' id='word_1_213' title='bbox 797 2179 932 2243; x_wconf 69' lang='lat' dir='ltr'><strong>enanis</strong></span> <span class='ocrx_word' id='word_1_214' title='bbox 944 2183 976 2232; x_wconf 82' lang='lat' dir='ltr'><strong>l‘l</strong></span> <span class='ocrx_word' id='word_1_215' title='bbox 991 2193 1049 2233; x_wconf 89' lang='lat' dir='ltr'><strong>non</strong></span> <span class='ocrx_word' id='word_1_216' title='bbox 1065 2178 1148 2245; x_wconf 77' lang='lat' dir='ltr'><strong>facile</strong></span> <span class='ocrx_word' id='word_1_217' title='bbox 1165 2178 1238 2233; x_wconf 83' lang='lat' dir='ltr'><strong>banc</strong></span> <span class='ocrx_word' id='word_1_218' title='bbox 1256 2185 1321 2236; x_wconf 84' lang='lat' dir='ltr'><strong>tan·</strong></span> 
     </span>
     <span class='ocr_line' id='line_1_24' title="bbox 139 2250 1322 2320; baseline 0.002 -14"><span class='ocrx_word' id='word_1_219' title='bbox 139 2251 201 2306; x_wconf 83' lang='lat' dir='ltr'><strong>tion</strong></span> <span class='ocrx_word' id='word_1_220' title='bbox 220 2252 387 2320; x_wconf 77' lang='lat' dir='ltr'><strong>gelrommen</strong></span> <span class='ocrx_word' id='word_1_221' title='bbox 402 2267 508 2315; x_wconf 82' lang='lat' dir='ltr'><strong>waren3</strong></span> <span class='ocrx_word' id='word_1_222' title='bbox 528 2251 630 2304; x_wconf 88' lang='lat' dir='ltr'><strong>sbenso</strong></span> <span class='ocrx_word' id='word_1_223' title='bbox 645 2266 702 2303; x_wconf 85' lang='lat' dir='ltr'><strong>war</strong></span> <span class='ocrx_word' id='word_1_224' title='bbox 756 2256 812 2304; x_wconf 87' lang='lat' dir='ltr'><strong>tam</strong></span> <span class='ocrx_word' id='word_1_225' title='bbox 830 2252 924 2304; x_wconf 91' lang='lat' dir='ltr'><strong>molem</strong></span> <span class='ocrx_word' id='word_1_226' title='bbox 942 2251 1011 2303; x_wconf 87' lang='lat' dir='ltr'><strong>mali</strong></span> <span class='ocrx_word' id='word_1_227' title='bbox 1029 2267 1047 2303; x_wconf 90' lang='lat' dir='ltr'><strong>a</strong></span> <span class='ocrx_word' id='word_1_228' title='bbox 1060 2250 1209 2303; x_wconf 77' lang='lat' dir='ltr'><strong>cervicibus</strong></span> <span class='ocrx_word' id='word_1_229' title='bbox 1222 2253 1322 2308; x_wconf 75' lang='lat' dir='ltr'><strong>neruis</strong></span> 
     </span>
     <span class='ocr_line' id='line_1_25' title="bbox 140 2317 1322 2391; baseline 0.001 -15"><span class='ocrx_word' id='word_1_230' title='bbox 140 2323 216 2376; x_wconf 87' lang='lat' dir='ltr'><strong>Nero</strong></span> <span class='ocrx_word' id='word_1_231' title='bbox 235 2322 374 2375; x_wconf 87' lang='lat' dir='ltr'><strong>Domitius</strong></span> <span class='ocrx_word' id='word_1_232' title='bbox 399 2337 455 2374; x_wconf 88' lang='lat' dir='ltr'><strong>von</strong></span> <span class='ocrx_word' id='word_1_233' title='bbox 485 2320 590 2373; x_wconf 88' lang='lat' dir='ltr'><strong>seinem</strong></span> <span class='ocrx_word' id='word_1_234' title='bbox 616 2319 699 2373; x_wconf 78' lang='lat' dir='ltr'><strong>scier·</strong></span> <span class='ocrx_word' id='word_1_235' title='bbox 755 2321 931 2388; x_wconf 63' lang='lat' dir='ltr'><strong>depulissem</strong></span> <span class='ocrx_word' id='word_1_236' title='bbox 962 2317 1021 2372; x_wconf 87' lang='lat' dir='ltr'><strong>Lir.</strong></span> <span class='ocrx_word' id='word_1_237' title='bbox 1046 2320 1093 2386; x_wconf 83' lang='lat' dir='ltr'><strong>IV,</strong></span> <span class='ocrx_word' id='word_1_238' title='bbox 1119 2325 1165 2388; x_wconf 79' lang='lat'><strong>12,</strong></span> <span class='ocrx_word' id='word_1_239' title='bbox 1191 2325 1207 2374; x_wconf 84' lang='lat'><strong>6</strong></span> <span class='ocrx_word' id='word_1_240' title='bbox 1235 2337 1322 2391; x_wconf 78' lang='lat' dir='ltr'><strong>regno</strong></span> 
     </span>
     <span class='ocr_line' id='line_1_26' title="bbox 140 2388 1321 2470; baseline 0.003 -25"><span class='ocrx_word' id='word_1_241' title='bbox 140 2394 222 2445; x_wconf 82' lang='lat' dir='ltr'><strong>vater</strong></span> <span class='ocrx_word' id='word_1_242' title='bbox 236 2390 369 2444; x_wconf 83' lang='lat' dir='ltr'><strong>Claudius</strong></span> <span class='ocrx_word' id='word_1_243' title='bbox 385 2388 528 2470; x_wconf 82' lang='lat' dir='ltr'><strong>adoptierl</strong></span> <span class='ocrx_word' id='word_1_244' title='bbox 545 2389 603 2442; x_wconf 90' lang='lat' dir='ltr'><strong>und</strong></span> <span class='ocrx_word' id='word_1_245' title='bbox 623 2405 653 2442; x_wconf 90' lang='lat' dir='ltr'><strong>so</strong></span> <span class='ocrx_word' id='word_1_246' title='bbox 672 2388 701 2442; x_wconf 89' lang='lat' dir='ltr'><strong>in</strong></span> <span class='ocrx_word' id='word_1_247' title='bbox 750 2406 838 2459; x_wconf 75' lang='lat' dir='ltr'><strong>prope</strong></span> <span class='ocrx_word' id='word_1_248' title='bbox 856 2391 888 2443; x_wconf 89' lang='lat' dir='ltr'><strong>in</strong></span> <span class='ocrx_word' id='word_1_249' title='bbox 906 2391 1020 2444; x_wconf 84' lang='lat' dir='ltr'><strong>cervices</strong></span> <span class='ocrx_word' id='word_1_250' title='bbox 1034 2396 1158 2459; x_wconf 74' lang='lat' dir='ltr'><strong>amento,-</strong></span> <span class='ocrx_word' id='word_1_251' title='bbox 1175 2390 1263 2459; x_wconf 85' lang='lat' dir='ltr'><strong>XXII,</strong></span> <span class='ocrx_word' id='word_1_252' title='bbox 1276 2399 1321 2461; x_wconf 86' lang='lat'><strong>33,</strong></span> 
     </span>
     <span class='ocr_line' id='line_1_27' title="bbox 141 2459 1319 2529; baseline 0.003 -14"><span class='ocrx_word' id='word_1_253' title='bbox 141 2459 699 2528; x_wconf 75' lang='lat' dir='ltr'><strong>dien&#39;aimlicheI&#39;nmiheautgenommen.</strong></span> <span class='ocrx_word' id='word_1_254' title='bbox 755 2467 771 2515; x_wconf 83' lang='lat'><strong>6</strong></span> <span class='ocrx_word' id='word_1_255' title='bbox 791 2462 888 2514; x_wconf 88' lang='lat' dir='ltr'><strong>bellum</strong></span> <span class='ocrx_word' id='word_1_256' title='bbox 907 2463 1003 2529; x_wconf 73' lang='lat' dir='ltr'><strong>ingens</strong></span> <span class='ocrx_word' id='word_1_257' title='bbox 1021 2463 1052 2514; x_wconf 91' lang='lat' dir='ltr'><strong>in</strong></span> <span class='ocrx_word' id='word_1_258' title='bbox 1076 2462 1224 2516; x_wconf 85' lang='lat' dir='ltr'><strong>cervicibus</strong></span> <span class='ocrx_word' id='word_1_259' title='bbox 1248 2470 1319 2520; x_wconf 85' lang='lat' dir='ltr'><strong>erat.</strong></span> 
     </span>
     <span class='ocr_line' id='line_1_28' title="bbox 140 2529 1322 2601; baseline 0.004 -17"><span class='ocrx_word' id='word_1_260' title='bbox 140 2531 215 2586; x_wconf 87' lang='lat' dir='ltr'><strong>Nero</strong></span> <span class='ocrx_word' id='word_1_261' title='bbox 234 2531 272 2585; x_wconf 86' lang='lat' dir='ltr'><strong>ist</strong></span> <span class='ocrx_word' id='word_1_262' title='bbox 289 2531 369 2585; x_wconf 81' lang='lat' dir='ltr'><strong>nicht</strong></span> <span class='ocrx_word' id='word_1_263' title='bbox 382 2531 436 2584; x_wconf 83' lang='lat' dir='ltr'><strong>mit</strong></span> <span class='ocrx_word' id='word_1_264' title='bbox 451 2529 621 2598; x_wconf 79' lang='lat' dir='ltr'><strong>unigeffihrb‚</strong></span> <span class='ocrx_word' id='word_1_265' title='bbox 635 2529 701 2583; x_wconf 84' lang='lat' dir='ltr'><strong>weil</strong></span> <span class='ocrx_word' id='word_1_266' title='bbox 793 2535 834 2587; x_wconf 86' lang='lat'><strong>14.</strong></span> <span class='ocrx_word' id='word_1_267' title='bbox 864 2532 942 2601; x_wconf 87' lang='lat' dir='ltr'><strong>bello]</strong></span> <span class='ocrx_word' id='word_1_268' title='bbox 971 2530 1142 2586; x_wconf 88' lang='lat' dir='ltr'><strong>mildernder</strong></span> <span class='ocrx_word' id='word_1_269' title='bbox 1168 2534 1322 2588; x_wconf 86' lang='lat' dir='ltr'><strong>Ansdruck</strong></span> 
     </span>
     <span class='ocr_line' id='line_1_29' title="bbox 141 2599 1080 2657; baseline -0.001 0"><span class='ocrx_word' id='word_1_270' title='bbox 141 2621 171 2657; x_wconf 88' lang='lat' dir='ltr'><strong>er</strong></span> <span class='ocrx_word' id='word_1_271' title='bbox 190 2601 292 2657; x_wconf 85' lang='lat' dir='ltr'><strong>keinen</strong></span> <span class='ocrx_word' id='word_1_272' title='bbox 311 2601 493 2656; x_wconf 86' lang='lat' dir='ltr'><strong>Thrcnerben</strong></span> <span class='ocrx_word' id='word_1_273' title='bbox 514 2600 701 2655; x_wconf 81' lang='lat' dir='ltr'><strong>hinterlassen</strong></span> <span class='ocrx_word' id='word_1_274' title='bbox 756 2599 861 2656; x_wconf 77' lang='lat' dir='ltr'><strong>Gelbes</strong></span> <span class='ocrx_word' id='word_1_275' title='bbox 880 2602 925 2655; x_wconf 83' lang='lat' dir='ltr'><strong>fiir</strong></span> <span class='ocrx_word' id='word_1_276' title='bbox 943 2604 1080 2657; x_wconf 84' lang='lat' dir='ltr'><strong>seditione.</strong></span> 
     </span>
     <span class='ocr_line' id='line_1_30' title="bbox 140 2671 1322 2743; baseline 0.003 -16"><span class='ocrx_word' id='word_1_277' title='bbox 140 2675 229 2728; x_wconf 83' lang='lat' dir='ltr'><strong>hatte.</strong></span> <span class='ocrx_word' id='word_1_278' title='bbox 791 2674 825 2727; x_wconf 88' lang='lat' dir='ltr'><strong>ab</strong></span> <span class='ocrx_word' id='word_1_279' title='bbox 849 2672 1068 2743; x_wconf 78' lang='lat' dir='ltr'><strong>aestimantibus]</strong></span> <span class='ocrx_word' id='word_1_280' title='bbox 1096 2671 1215 2743; x_wconf 80' lang='lat' dir='ltr'><strong>‘infulge</strong></span> <span class='ocrx_word' id='word_1_281' title='bbox 1241 2675 1322 2730; x_wconf 87' lang='lat' dir='ltr'><strong>einer</strong></span> 
     </span>
     <span class='ocr_line' id='line_1_31' title="bbox 178 2742 1321 2815; baseline 0.001 -15"><span class='ocrx_word' id='word_1_282' title='bbox 178 2752 202 2800; x_wconf 88' lang='grc'><strong>6.</strong></span> <span class='ocrx_word' id='word_1_283' title='bbox 223 2744 291 2815; x_wconf 86' lang='lat' dir='ltr'><strong>loco]</strong></span> <span class='ocrx_word' id='word_1_284' title='bbox 313 2743 445 2798; x_wconf 76' lang='lat' dir='ltr'><strong>‘Ersatz&#39;.</strong></span> <span class='ocrx_word' id='word_1_285' title='bbox 755 2743 958 2812; x_wconf 84' lang='lat' dir='ltr'><strong>Wiirdigung&#39;.</strong></span> <span class='ocrx_word' id='word_1_286' title='bbox 977 2742 1042 2812; x_wconf 86' lang='lat' dir='ltr'><strong>Vgl.</strong></span> <span class='ocrx_word' id='word_1_287' title='bbox 1057 2743 1124 2813; x_wconf 81' lang='lat' dir='ltr'><strong>Agr.</strong></span> <span class='ocrx_word' id='word_1_288' title='bbox 1141 2750 1154 2798; x_wconf 93' lang='lat'>1</span> <span class='ocrx_word' id='word_1_289' title='bbox 1175 2745 1243 2799; x_wconf 84' lang='lat' dir='ltr'><strong>adeo</strong></span> <span class='ocrx_word' id='word_1_290' title='bbox 1263 2748 1321 2801; x_wconf 80' lang='lat' dir='ltr'><strong>eir—</strong></span> 
     </span>
     <span class='ocr_line' id='line_1_32' title="bbox 176 2811 1322 2886; baseline 0.003 -16"><span class='ocrx_word' id='word_1_291' title='bbox 176 2818 241 2884; x_wconf 73' lang='lat' dir='ltr'><strong>eliyi</strong></span> <span class='ocrx_word' id='word_1_292' title='bbox 255 2815 402 2886; x_wconf 81' lang='lat' dir='ltr'><strong>coepimus]</strong></span> <span class='ocrx_word' id='word_1_293' title='bbox 414 2811 636 2879; x_wconf 82' lang='lat' dir='ltr'><strong>nachklsssisch,</strong></span> <span class='ocrx_word' id='word_1_294' title='bbox 648 2811 701 2867; x_wconf 87' lang='lat' dir='ltr'><strong>wie</strong></span> <span class='ocrx_word' id='word_1_295' title='bbox 754 2819 825 2869; x_wconf 90' lang='lat' dir='ltr'><strong>tutes</strong></span> <span class='ocrx_word' id='word_1_296' title='bbox 843 2816 927 2869; x_wconf 89' lang='lat' dir='ltr'><strong>isdem</strong></span> <span class='ocrx_word' id='word_1_297' title='bbox 944 2816 1109 2882; x_wconf 86' lang='lat' dir='ltr'><strong>temporibus</strong></span> <span class='ocrx_word' id='word_1_298' title='bbox 1123 2816 1223 2884; x_wconf 82' lang='lat' dir='ltr'><strong>optime</strong></span> <span class='ocrx_word' id='word_1_299' title='bbox 1237 2820 1322 2873; x_wconf 83' lang='lat' dir='ltr'><strong>aesti-</strong></span> 
     </span>
     <span class='ocr_line' id='line_1_33' title="bbox 140 2883 1323 2956; baseline 0.005 -18"><span class='ocrx_word' id='word_1_300' title='bbox 140 2885 187 2952; x_wconf 90' lang='lat' dir='ltr'><strong>Hl,</strong></span> <span class='ocrx_word' id='word_1_301' title='bbox 207 2892 242 2940; x_wconf 84' lang='lat'><strong>34</strong></span> <span class='ocrx_word' id='word_1_302' title='bbox 260 2887 348 2940; x_wconf 81' lang='lat' dir='ltr'><strong>occidi</strong></span> <span class='ocrx_word' id='word_1_303' title='bbox 370 2902 484 2956; x_wconf 77' lang='lat' dir='ltr'><strong>caepere.</strong></span> <span class='ocrx_word' id='word_1_304' title='bbox 523 2883 549 2938; x_wconf 83' lang='lat' dir='ltr'><strong>S.</strong></span> <span class='ocrx_word' id='word_1_305' title='bbox 568 2883 701 2953; x_wconf 83' lang='lat' dir='ltr'><strong>Drseger,</strong></span> <span class='ocrx_word' id='word_1_306' title='bbox 755 2891 875 2951; x_wconf 90' lang='lat' dir='ltr'><strong>mantur,</strong></span> <span class='ocrx_word' id='word_1_307' title='bbox 894 2886 994 2954; x_wconf 84' lang='lat' dir='ltr'><strong>quibus</strong></span> <span class='ocrx_word' id='word_1_308' title='bbox 1008 2887 1140 2953; x_wconf 78' lang='lat' dir='ltr'><strong>facillime</strong></span> <span class='ocrx_word' id='word_1_309' title='bbox 1152 2888 1323 2955; x_wconf 74' lang='lat' dir='ltr'><strong>gignuntur.</strong></span> 
     </span>
     <span class='ocr_line' id='line_1_34' title="bbox 142 2955 1320 3028; baseline 0.004 -19"><span class='ocrx_word' id='word_1_310' title='bbox 142 2957 220 3025; x_wconf 86' lang='lat' dir='ltr'><strong>Synt.</strong></span> <span class='ocrx_word' id='word_1_311' title='bbox 240 2961 255 3021; x_wconf 69' lang='grc' dir='ltr'>ξ</span> <span class='ocrx_word' id='word_1_312' title='bbox 274 2961 317 3023; x_wconf 77' lang='grc'><strong>26,</strong></span> <span class='ocrx_word' id='word_1_313' title='bbox 337 2957 362 3010; x_wconf 95' lang='lat' dir='ltr'><strong>b.</strong></span> <span class='ocrx_word' id='word_1_314' title='bbox 790 2957 903 3028; x_wconf 79' lang='lat' dir='ltr'><strong>adscit-i]</strong></span> <span class='ocrx_word' id='word_1_315' title='bbox 925 2956 1075 3024; x_wconf 78' lang='lat' dir='ltr'><strong>‘bernien’,</strong></span> <span class='ocrx_word' id='word_1_316' title='bbox 1094 2955 1147 3010; x_wconf 85' lang='lat' dir='ltr'><strong>wie</strong></span> <span class='ocrx_word' id='word_1_317' title='bbox 1168 2974 1192 3012; x_wconf 90' lang='lat' dir='ltr'><strong>o.</strong></span> <span class='ocrx_word' id='word_1_318' title='bbox 1211 2962 1255 3013; x_wconf 80' lang='lat'><strong>25.</strong></span> <span class='ocrx_word' id='word_1_319' title='bbox 1276 2966 1320 3014; x_wconf 82' lang='grc'><strong>29.</strong></span> 
     </span>
     <span class='ocr_line' id='line_1_35' title="bbox 177 3024 929 3097; baseline 0.001 -17"><span class='ocrx_word' id='word_1_320' title='bbox 177 3032 201 3082; x_wconf 88' lang='lat'><strong>8.</strong></span> <span class='ocrx_word' id='word_1_321' title='bbox 220 3029 347 3096; x_wconf 72' lang='lat' dir='ltr'><strong>generari</strong></span> <span class='ocrx_word' id='word_1_322' title='bbox 365 3032 390 3080; x_wconf 90' lang='lat' dir='ltr'><strong>et</strong></span> <span class='ocrx_word' id='word_1_323' title='bbox 407 3027 497 3097; x_wconf 84' lang='lat' dir='ltr'><strong>nasei]</strong></span> <span class='ocrx_word' id='word_1_324' title='bbox 511 3024 629 3080; x_wconf 81' lang='lat' dir='ltr'><strong>‘Daseia</strong></span> <span class='ocrx_word' id='word_1_325' title='bbox 642 3025 700 3079; x_wconf 91' lang='lat' dir='ltr'><strong>und</strong></span> <span class='ocrx_word' id='word_1_326' title='bbox 754 3025 789 3095; x_wconf 86' lang='lat'><strong>11,</strong></span> <span class='ocrx_word' id='word_1_327' title='bbox 809 3033 843 3081; x_wconf 86' lang='grc'><strong>63</strong></span> <span class='ocrx_word' id='word_1_328' title='bbox 862 3045 888 3080; x_wconf 92' lang='lat' dir='ltr'><strong>u.</strong></span> <span class='ocrx_word' id='word_1_329' title='bbox 904 3033 929 3081; x_wconf 85' lang='grc' dir='ltr'><strong>ὃ.</strong></span> 
     </span>
    </p>

    <p class='ocr_par' dir='ltr' id='par_1_4' title="bbox 140 3096 1321 3451">
     <span class='ocr_line' id='line_1_36' title="bbox 140 3096 1321 3168; baseline 0.004 -16"><span class='ocrx_word' id='word_1_330' title='bbox 140 3097 235 3153; x_wconf 85' lang='lat' dir='ltr'><strong>Leben</strong></span> <span class='ocrx_word' id='word_1_331' title='bbox 253 3116 286 3151; x_wconf 84' lang='lat' dir='ltr'><strong>zu</strong></span> <span class='ocrx_word' id='word_1_332' title='bbox 305 3097 465 3152; x_wconf 82' lang='lat' dir='ltr'><strong>verdanken</strong></span> <span class='ocrx_word' id='word_1_333' title='bbox 483 3096 597 3151; x_wconf 83' lang='lat' dir='ltr'><strong>haben’.</strong></span> <span class='ocrx_word' id='word_1_334' title='bbox 789 3096 1202 3168; x_wconf 81' lang='lat' dir='ltr'><strong>cnminnielia]‘angefeindet’.</strong></span> <span class='ocrx_word' id='word_1_335' title='bbox 1218 3098 1321 3158; x_wconf 81' lang='lat' dir='ltr'><strong>Cicero</strong></span> 
     </span>
     <span class='ocr_line' id='line_1_37' title="bbox 177 3166 1296 3237; baseline 0.002 -13"><span class='ocrx_word' id='word_1_336' title='bbox 177 3175 201 3225; x_wconf 86' lang='grc'><strong>9,</strong></span> <span class='ocrx_word' id='word_1_337' title='bbox 220 3185 269 3223; x_wconf 89' lang='lat' dir='ltr'><strong>nec</strong></span> <span class='ocrx_word' id='word_1_338' title='bbox 280 3170 357 3223; x_wconf 89' lang='lat' dir='ltr'><strong>ultra</strong></span> <span class='ocrx_word' id='word_1_339' title='bbox 367 3167 538 3237; x_wconf 83' lang='lat' dir='ltr'><strong>aestimatur]</strong></span> <span class='ocrx_word' id='word_1_340' title='bbox 552 3166 633 3220; x_wconf 73' lang='lat' dir='ltr'><strong>‘iiber</strong></span> <span class='ocrx_word' id='word_1_341' title='bbox 642 3167 699 3220; x_wconf 89' lang='lat' dir='ltr'><strong>die·</strong></span> <span class='ocrx_word' id='word_1_342' title='bbox 753 3169 811 3222; x_wconf 90' lang='lat' dir='ltr'><strong>und</strong></span> <span class='ocrx_word' id='word_1_343' title='bbox 830 3167 927 3223; x_wconf 87' lang='lat' dir='ltr'><strong>Livius</strong></span> <span class='ocrx_word' id='word_1_344' title='bbox 947 3184 1034 3236; x_wconf 83' lang='lat' dir='ltr'><strong>sngen</strong></span> <span class='ocrx_word' id='word_1_345' title='bbox 1052 3169 1085 3221; x_wconf 90' lang='lat' dir='ltr'><strong>in</strong></span> <span class='ocrx_word' id='word_1_346' title='bbox 1102 3169 1212 3224; x_wconf 86' lang='lat' dir='ltr'><strong>innide&#39;a</strong></span> <span class='ocrx_word' id='word_1_347' title='bbox 1231 3187 1296 3226; x_wconf 77' lang='lat' dir='ltr'><strong>esse,</strong></span> 
     </span>
     <span class='ocr_line' id='line_1_38' title="bbox 141 3238 1320 3311; baseline 0.003 -17"><span class='ocrx_word' id='word_1_348' title='bbox 141 3256 190 3295; x_wconf 90' lang='lat' dir='ltr'><strong>sen</strong></span> <span class='ocrx_word' id='word_1_349' title='bbox 208 3240 303 3294; x_wconf 77' lang='lat' dir='ltr'><strong>Pnnlrt</strong></span> <span class='ocrx_word' id='word_1_350' title='bbox 320 3239 421 3293; x_wconf 84' lang='lat' dir='ltr'><strong>hinans</strong></span> <span class='ocrx_word' id='word_1_351' title='bbox 440 3241 510 3307; x_wconf 84' lang='lat' dir='ltr'><strong>geht</strong></span> <span class='ocrx_word' id='word_1_352' title='bbox 528 3239 573 3292; x_wconf 90' lang='lat' dir='ltr'><strong>die</strong></span> <span class='ocrx_word' id='word_1_353' title='bbox 587 3238 700 3291; x_wconf 78' lang='lat' dir='ltr'><strong>Wurdi-</strong></span> <span class='ocrx_word' id='word_1_354' title='bbox 789 3241 913 3309; x_wconf 78' lang='lat' dir='ltr'><strong>quamuis</strong></span> <span class='ocrx_word' id='word_1_355' title='bbox 940 3240 1053 3310; x_wconf 73' lang='lat' dir='ltr'><strong>egregie]</strong></span> <span class='ocrx_word' id='word_1_356' title='bbox 1081 3238 1135 3293; x_wconf 88' lang='lat' dir='ltr'><strong>wie</strong></span> <span class='ocrx_word' id='word_1_357' title='bbox 1160 3245 1255 3311; x_wconf 69' lang='lat' dir='ltr'><strong>aie,</strong></span> <span class='ocrx_word' id='word_1_358' title='bbox 1277 3248 1320 3300; x_wconf 82' lang='lat'><strong>12.</strong></span> 
     </span>
     <span class='ocr_line' id='line_1_39' title="bbox 141 3307 1319 3382; baseline 0.004 -18"><span class='ocrx_word' id='word_1_359' title='bbox 141 3329 218 3382; x_wconf 87' lang='lat' dir='ltr'><strong>gnng</strong></span> <span class='ocrx_word' id='word_1_360' title='bbox 242 3312 330 3381; x_wconf 81' lang='lat' dir='ltr'><strong>(eigil.</strong></span> <span class='ocrx_word' id='word_1_361' title='bbox 355 3308 564 3378; x_wconf 77' lang='lat' dir='ltr'><strong>Abschiitrung)</strong></span> <span class='ocrx_word' id='word_1_362' title='bbox 593 3307 699 3361; x_wconf 83' lang='lat' dir='ltr'><strong>nicht&#39;.</strong></span> <span class='ocrx_word' id='word_1_363' title='bbox 754 3315 797 3376; x_wconf 87' lang='lat'><strong>38,</strong></span> <span class='ocrx_word' id='word_1_364' title='bbox 817 3317 842 3365; x_wconf 89' lang='grc'><strong>6.</strong></span> <span class='ocrx_word' id='word_1_365' title='bbox 861 3310 954 3365; x_wconf 80' lang='lat' dir='ltr'><strong>Madv.</strong></span> <span class='ocrx_word' id='word_1_366' title='bbox 973 3315 989 3376; x_wconf 65' lang='grc' dir='ltr'>ξ</span> <span class='ocrx_word' id='word_1_367' title='bbox 1008 3315 1060 3363; x_wconf 83' lang='lat'><strong>443</strong></span> <span class='ocrx_word' id='word_1_368' title='bbox 1080 3311 1162 3364; x_wconf 86' lang='lat' dir='ltr'><strong>Anm.</strong></span> <span class='ocrx_word' id='word_1_369' title='bbox 1182 3312 1319 3382; x_wconf 80' lang='lat' dir='ltr'><strong>Heraeus,</strong></span> 
     </span>
     <span class='ocr_line' id='line_1_40' title="bbox 141 3378 1318 3451; baseline 0.003 -15"><span class='ocrx_word' id='word_1_370' title='bbox 141 3378 699 3436; x_wconf 76' lang='lat' dir='ltr'><strong>NurdasllrbrechtlrcmmtinBebracht.</strong></span> <span class='ocrx_word' id='word_1_371' title='bbox 753 3381 802 3437; x_wconf 77' lang='lat' dir='ltr'><strong>las.</strong></span> <span class='ocrx_word' id='word_1_372' title='bbox 823 3381 952 3451; x_wconf 85' lang='lat' dir='ltr'><strong>Schnlgr.</strong></span> <span class='ocrx_word' id='word_1_373' title='bbox 971 3386 1064 3448; x_wconf 62' lang='lat'><strong>5179,</strong></span> <span class='ocrx_word' id='word_1_374' title='bbox 1082 3387 1099 3434; x_wconf 86' lang='grc'><strong>3</strong></span> <span class='ocrx_word' id='word_1_375' title='bbox 1118 3383 1200 3435; x_wconf 84' lang='lat' dir='ltr'><strong>Anm.</strong></span> <span class='ocrx_word' id='word_1_376' title='bbox 1228 3380 1318 3439; x_wconf 78' lang='lat' dir='ltr'><strong>Deul-</strong></span> 
     </span>
    </p>

    <p class='ocr_par' dir='ltr' id='par_1_5' title="bbox 136 3450 1320 4372">
     <span class='ocr_line' id='line_1_41' title="bbox 176 3450 1318 3523; baseline 0.004 -17"><span class='ocrx_word' id='word_1_377' title='bbox 176 3452 324 3523; x_wconf 77' lang='lat' dir='ltr'><strong>inteqrum]</strong></span> <span class='ocrx_word' id='word_1_378' title='bbox 346 3451 440 3505; x_wconf 83' lang='lat' dir='ltr'><strong>‘steht</strong></span> <span class='ocrx_word' id='word_1_379' title='bbox 457 3450 488 3506; x_wconf 90' lang='lat' dir='ltr'><strong>in</strong></span> <span class='ocrx_word' id='word_1_380' title='bbox 505 3450 589 3505; x_wconf 83' lang='lat' dir='ltr'><strong>freier</strong></span> <span class='ocrx_word' id='word_1_381' title='bbox 606 3450 698 3517; x_wconf 84' lang='lat' dir='ltr'><strong>Hand,</strong></span> <span class='ocrx_word' id='word_1_382' title='bbox 753 3452 842 3507; x_wconf 90' lang='lat' dir='ltr'><strong>licher</strong></span> <span class='ocrx_word' id='word_1_383' title='bbox 860 3456 935 3505; x_wconf 78' lang='lat' dir='ltr'><strong>wilre</strong></span> <span class='ocrx_word' id='word_1_384' title='bbox 954 3453 1079 3520; x_wconf 82' lang='lat' dir='ltr'><strong>quamvis</strong></span> <span class='ocrx_word' id='word_1_385' title='bbox 1096 3453 1198 3522; x_wconf 72' lang='lat' dir='ltr'><strong>egregii</strong></span> <span class='ocrx_word' id='word_1_386' title='bbox 1221 3455 1318 3510; x_wconf 84' lang='lat' dir='ltr'><strong>simus.</strong></span> 
     </span>
     <span class='ocr_line' id='line_1_42' title="bbox 140 3521 1319 3593; baseline 0.005 -17"><span class='ocrx_word' id='word_1_387' title='bbox 140 3524 178 3576; x_wconf 85' lang='lat' dir='ltr'><strong>ist</strong></span> <span class='ocrx_word' id='word_1_388' title='bbox 201 3523 284 3590; x_wconf 81' lang='lat' dir='ltr'><strong>frei’3</strong></span> <span class='ocrx_word' id='word_1_389' title='bbox 313 3523 370 3592; x_wconf 87' lang='lat' dir='ltr'><strong>vgl.</strong></span> <span class='ocrx_word' id='word_1_390' title='bbox 390 3521 445 3577; x_wconf 84' lang='lat' dir='ltr'><strong>Oic.</strong></span> <span class='ocrx_word' id='word_1_391' title='bbox 466 3541 493 3593; x_wconf 90' lang='lat' dir='ltr'><strong>p.</strong></span> <span class='ocrx_word' id='word_1_392' title='bbox 512 3522 573 3592; x_wconf 87' lang='lat' dir='ltr'><strong>Lig.</strong></span> <span class='ocrx_word' id='word_1_393' title='bbox 594 3526 609 3587; x_wconf 65' lang='grc' dir='ltr'><strong>ς</strong></span> <span class='ocrx_word' id='word_1_394' title='bbox 630 3527 643 3575; x_wconf 93' lang='grc'><strong>1</strong></span> <span class='ocrx_word' id='word_1_395' title='bbox 668 3526 700 3576; x_wconf 88' lang='lat' dir='ltr'><strong>ut</strong></span> <span class='ocrx_word' id='word_1_396' title='bbox 790 3528 831 3576; x_wconf 82' lang='lat'><strong>15.</strong></span> <span class='ocrx_word' id='word_1_397' title='bbox 851 3522 888 3593; x_wconf 89' lang='lat' dir='ltr'><strong>si]</strong></span> <span class='ocrx_word' id='word_1_398' title='bbox 908 3525 981 3576; x_wconf 83' lang='lat' dir='ltr'><strong>nach</strong></span> <span class='ocrx_word' id='word_1_399' title='bbox 1001 3522 1065 3577; x_wconf 89' lang='lat' dir='ltr'><strong>dem</strong></span> <span class='ocrx_word' id='word_1_400' title='bbox 1080 3522 1248 3580; x_wconf 78' lang='lat' dir='ltr'><strong>Ausdruake</strong></span> <span class='ocrx_word' id='word_1_401' title='bbox 1268 3526 1319 3582; x_wconf 90' lang='lat' dir='ltr'><strong>des</strong></span> 
     </span>
     <span class='ocr_line' id='line_1_43' title="bbox 140 3592 1319 3664; baseline 0.004 -17"><span class='ocrx_word' id='word_1_402' title='bbox 140 3595 171 3647; x_wconf 82' lang='lat' dir='ltr'><strong>id</strong></span> <span class='ocrx_word' id='word_1_403' title='bbox 188 3595 324 3664; x_wconf 77' lang='lat' dir='ltr'><strong>integrum</strong></span> <span class='ocrx_word' id='word_1_404' title='bbox 338 3595 395 3647; x_wconf 88' lang='lat' dir='ltr'><strong>iam</strong></span> <span class='ocrx_word' id='word_1_405' title='bbox 408 3609 465 3647; x_wconf 92' lang='lat' dir='ltr'><strong>non</strong></span> <span class='ocrx_word' id='word_1_406' title='bbox 482 3599 554 3649; x_wconf 86' lang='lat' dir='ltr'><strong>esset.</strong></span> <span class='ocrx_word' id='word_1_407' title='bbox 581 3592 633 3647; x_wconf 89' lang='lat' dir='ltr'><strong>Bei</strong></span> <span class='ocrx_word' id='word_1_408' title='bbox 649 3592 699 3647; x_wconf 89' lang='lat' dir='ltr'><strong>der</strong></span> <span class='ocrx_word' id='word_1_409' title='bbox 752 3592 876 3660; x_wconf 81' lang='lat' dir='ltr'><strong>Affekts,</strong></span> <span class='ocrx_word' id='word_1_410' title='bbox 901 3593 954 3646; x_wconf 85' lang='lat' dir='ltr'><strong>wie</strong></span> <span class='ocrx_word' id='word_1_411' title='bbox 973 3594 1005 3646; x_wconf 83' lang='lat' dir='ltr'><strong>A.</strong></span> <span class='ocrx_word' id='word_1_412' title='bbox 1025 3592 1050 3660; x_wconf 92' lang='lat' dir='ltr'><strong>I,</strong></span> <span class='ocrx_word' id='word_1_413' title='bbox 1071 3598 1104 3646; x_wconf 92' lang='lat'><strong>11</strong></span> <span class='ocrx_word' id='word_1_414' title='bbox 1123 3595 1224 3663; x_wconf 83' lang='lat' dir='ltr'><strong>quibus</strong></span> <span class='ocrx_word' id='word_1_415' title='bbox 1243 3614 1319 3652; x_wconf 87' lang='lat' dir='ltr'><strong>unus</strong></span> 
     </span>
     <span class='ocr_line' id='line_1_44' title="bbox 141 3663 1318 3737; baseline 0.003 -20"><span class='ocrx_word' id='word_1_416' title='bbox 141 3663 284 3733; x_wconf 86' lang='lat' dir='ltr'><strong>Adoption</strong></span> <span class='ocrx_word' id='word_1_417' title='bbox 297 3664 336 3719; x_wconf 82' lang='lat' dir='ltr'><strong>ist</strong></span> <span class='ocrx_word' id='word_1_418' title='bbox 350 3663 395 3718; x_wconf 90' lang='lat' dir='ltr'><strong>die</strong></span> <span class='ocrx_word' id='word_1_419' title='bbox 409 3664 623 3735; x_wconf 83' lang='lat' dir='ltr'><strong>Entscheidung</strong></span> <span class='ocrx_word' id='word_1_420' title='bbox 636 3664 697 3719; x_wconf 84' lang='lat' dir='ltr'><strong>frei.</strong></span> <span class='ocrx_word' id='word_1_421' title='bbox 752 3670 846 3729; x_wconf 85' lang='lat' dir='ltr'><strong>metus,</strong></span> <span class='ocrx_word' id='word_1_422' title='bbox 860 3664 1228 3733; x_wconf 76' lang='lat' dir='ltr'><strong>siintelleqereniderentnr;</strong></span> <span class='ocrx_word' id='word_1_423' title='bbox 1243 3667 1318 3737; x_wconf 89' lang='lat' dir='ltr'><strong>XVI,</strong></span> 
     </span>
     <span class='ocr_line' id='line_1_45' title="bbox 175 3735 1320 3805; baseline 0.004 -16"><span class='ocrx_word' id='word_1_424' title='bbox 175 3735 295 3804; x_wconf 86' lang='lat' dir='ltr'><strong>sinclis]</strong></span> <span class='ocrx_word' id='word_1_425' title='bbox 316 3753 335 3789; x_wconf 86' lang='lat' dir='ltr'><strong>s.</strong></span> <span class='ocrx_word' id='word_1_426' title='bbox 356 3753 389 3788; x_wconf 88' lang='lat' dir='ltr'><strong>zu</strong></span> <span class='ocrx_word' id='word_1_427' title='bbox 407 3750 436 3790; x_wconf 61' lang='lat' dir='ltr'><strong>c„</strong></span> <span class='ocrx_word' id='word_1_428' title='bbox 452 3741 475 3801; x_wconf 91' lang='lat'><strong>1,</strong></span> <span class='ocrx_word' id='word_1_429' title='bbox 495 3741 519 3790; x_wconf 85' lang='lat'><strong>9.</strong></span> <span class='ocrx_word' id='word_1_430' title='bbox 753 3740 770 3790; x_wconf 88' lang='grc'><strong>6</strong></span> <span class='ocrx_word' id='word_1_431' title='bbox 793 3735 892 3804; x_wconf 78' lang='lat' dir='ltr'><strong>quibus</strong></span> <span class='ocrx_word' id='word_1_432' title='bbox 916 3736 1028 3803; x_wconf 74' lang='lat' dir='ltr'><strong>grauior</strong></span> <span class='ocrx_word' id='word_1_433' title='bbox 1053 3736 1144 3790; x_wconf 88' lang='lat' dir='ltr'><strong>inerat</strong></span> <span class='ocrx_word' id='word_1_434' title='bbox 1166 3742 1267 3805; x_wconf 80' lang='lat' dir='ltr'><strong>nutus,</strong></span> <span class='ocrx_word' id='word_1_435' title='bbox 1292 3740 1320 3794; x_wconf 86' lang='lat' dir='ltr'><strong>si</strong></span> 
     </span>
     <span class='ocr_line' id='line_1_46' title="bbox 178 3805 1081 3928; baseline 0.002 -70"><span class='ocrx_word' id='word_1_436' title='bbox 178 3811 219 3859; x_wconf 87' lang='lat'><strong>11.</strong></span> <span class='ocrx_word' id='word_1_437' title='bbox 236 3805 393 3928; x_wconf 47' lang='lat' dir='ltr'><strong>tumentem?</strong></span> <span class='ocrx_word' id='word_1_438' title='bbox 410 3805 614 3874; x_wconf 71' lang='lat' dir='ltr'><strong>‘anigeblasem</strong></span> <span class='ocrx_word' id='word_1_439' title='bbox 629 3806 697 3860; x_wconf 80' lang='lat' dir='ltr'><strong>dtin-</strong></span> <span class='ocrx_word' id='word_1_440' title='bbox 752 3807 905 3875; x_wconf 77' lang='lat' dir='ltr'><strong>spectaculo</strong></span> <span class='ocrx_word' id='word_1_441' title='bbox 923 3807 1081 3873; x_wconf 77' lang='lat' dir='ltr'><strong>defuissent.</strong></span> 
     </span>
     <span class='ocr_line' id='line_1_47' title="bbox 139 3874 1317 3947; baseline 0.006 -19"><span class='ocrx_word' id='word_1_442' title='bbox 139 3875 277 3941; x_wconf 81' lang='lat' dir='ltr'><strong>kelvoll’3</strong></span> <span class='ocrx_word' id='word_1_443' title='bbox 301 3876 357 3945; x_wconf 88' lang='lat' dir='ltr'><strong>vgl.</strong></span> <span class='ocrx_word' id='word_1_444' title='bbox 390 3874 429 3941; x_wconf 89' lang='grc' dir='ltr'><strong>ΙΙ,</strong></span> <span class='ocrx_word' id='word_1_445' title='bbox 448 3882 482 3930; x_wconf 89' lang='lat'><strong>31</strong></span> <span class='ocrx_word' id='word_1_446' title='bbox 507 3883 697 3943; x_wconf 78' lang='lat' dir='ltr'><strong>aspernantem</strong></span> <span class='ocrx_word' id='word_1_447' title='bbox 787 3878 858 3933; x_wconf 82' lang='lat' dir='ltr'><strong>elnae</strong></span> <span class='ocrx_word' id='word_1_448' title='bbox 884 3877 1011 3947; x_wconf 75' lang='lat' dir='ltr'><strong>legiones]</strong></span> <span class='ocrx_word' id='word_1_449' title='bbox 1035 3875 1075 3930; x_wconf 85' lang='lat' dir='ltr'><strong>IV</strong></span> <span class='ocrx_word' id='word_1_450' title='bbox 1099 3875 1158 3930; x_wconf 88' lang='lat' dir='ltr'><strong>und</strong></span> <span class='ocrx_word' id='word_1_451' title='bbox 1183 3877 1263 3934; x_wconf 91' lang='lat' dir='ltr'><strong>XXII</strong></span> <span class='ocrx_word' id='word_1_452' title='bbox 1286 3881 1317 3935; x_wconf 88' lang='grc' dir='ltr'><strong>ιιι</strong></span> 
     </span>
     <span class='ocr_line' id='line_1_48' title="bbox 140 3946 1183 4017; baseline 0.001 -16"><span class='ocrx_word' id='word_1_453' title='bbox 140 3951 335 4015; x_wconf 81' lang='lat' dir='ltr'><strong>tumentemque</strong></span> <span class='ocrx_word' id='word_1_454' title='bbox 358 3949 479 4001; x_wconf 84' lang='lat' dir='ltr'><strong>lacrimis</strong></span> <span class='ocrx_word' id='word_1_455' title='bbox 502 3948 640 4017; x_wconf 53' lang='lat' dir='ltr'><strong>salignam</strong></span> <span class='ocrx_word' id='word_1_456' title='bbox 664 3946 699 4014; x_wconf 92' lang='lat' dir='ltr'><strong>II,</strong></span> <span class='ocrx_word' id='word_1_457' title='bbox 755 3947 992 4016; x_wconf 84' lang='lat' dir='ltr'><strong>Obergermanien</strong></span> <span class='ocrx_word' id='word_1_458' title='bbox 1011 3951 1044 4014; x_wconf 85' lang='lat' dir='ltr'><strong>(c.</strong></span> <span class='ocrx_word' id='word_1_459' title='bbox 1066 3953 1107 4002; x_wconf 78' lang='lat'><strong>12.</strong></span> <span class='ocrx_word' id='word_1_460' title='bbox 1129 3950 1183 4017; x_wconf 80' lang='lat'>18).</span> 
     </span>
     <span class='ocr_line' id='line_1_49' title="bbox 141 4018 1316 4086; baseline 0.006 -15"><span class='ocrx_word' id='word_1_461' title='bbox 141 4023 175 4071; x_wconf 88' lang='lat'><strong>30</strong></span> <span class='ocrx_word' id='word_1_462' title='bbox 184 4018 320 4071; x_wconf 83' lang='lat' dir='ltr'><strong>tumidam</strong></span> <span class='ocrx_word' id='word_1_463' title='bbox 334 4034 368 4072; x_wconf 91' lang='lat' dir='ltr'><strong>ac</strong></span> <span class='ocrx_word' id='word_1_464' title='bbox 380 4034 497 4082; x_wconf 87' lang='lat' dir='ltr'><strong>nanam;</strong></span> <span class='ocrx_word' id='word_1_465' title='bbox 512 4033 535 4071; x_wconf 89' lang='lat' dir='ltr'><strong>c.</strong></span> <span class='ocrx_word' id='word_1_466' title='bbox 547 4022 581 4071; x_wconf 88' lang='lat'><strong>80</strong></span> <span class='ocrx_word' id='word_1_467' title='bbox 595 4019 700 4086; x_wconf 83' lang='lat' dir='ltr'><strong>inipso</strong></span> <span class='ocrx_word' id='word_1_468' title='bbox 789 4021 914 4074; x_wconf 89' lang='lat' dir='ltr'><strong>concussi</strong></span> <span class='ocrx_word' id='word_1_469' title='bbox 923 4020 996 4073; x_wconf 87' lang='lat' dir='ltr'><strong>orbis</strong></span> <span class='ocrx_word' id='word_1_470' title='bbox 1003 4019 1316 4078; x_wconf 78' lang='lat' dir='ltr'><strong>nmtns‘Wellerschiib-</strong></span> 
     </span>
     <span class='ocr_line' id='line_1_50' title="bbox 139 4088 875 4158; baseline 0.004 -17"><span class='ocrx_word' id='word_1_471' title='bbox 139 4088 211 4142; x_wconf 80' lang='lat' dir='ltr'><strong>nibil</strong></span> <span class='ocrx_word' id='word_1_472' title='bbox 233 4089 381 4154; x_wconf 84' lang='lat' dir='ltr'><strong>tumidum,</strong></span> <span class='ocrx_word' id='word_1_473' title='bbox 404 4090 612 4157; x_wconf 74' lang='lat' dir='ltr'><strong>adrogans...</strong></span> <span class='ocrx_word' id='word_1_474' title='bbox 631 4089 699 4157; x_wconf 78' lang='lat' dir='ltr'><strong>fuit3</strong></span> <span class='ocrx_word' id='word_1_475' title='bbox 753 4090 875 4158; x_wconf 86' lang='lat' dir='ltr'><strong>ternng&#39;.</strong></span> 
     </span>
     <span class='ocr_line' id='line_1_51' title="bbox 139 4157 1315 4233; baseline 0.005 -21"><span class='ocrx_word' id='word_1_476' title='bbox 139 4162 171 4213; x_wconf 85' lang='grc' dir='ltr'><strong>Α,</strong></span> <span class='ocrx_word' id='word_1_477' title='bbox 191 4158 239 4225; x_wconf 88' lang='lat' dir='ltr'><strong>IV,</strong></span> <span class='ocrx_word' id='word_1_478' title='bbox 260 4164 292 4212; x_wconf 78' lang='lat'><strong>12</strong></span> <span class='ocrx_word' id='word_1_479' title='bbox 311 4160 430 4214; x_wconf 81' lang='lat' dir='ltr'><strong>tumidos</strong></span> <span class='ocrx_word' id='word_1_480' title='bbox 452 4161 569 4227; x_wconf 79' lang='lat' dir='ltr'><strong>spiritus</strong></span> <span class='ocrx_word' id='word_1_481' title='bbox 588 4157 698 4229; x_wconf 85' lang='lat' dir='ltr'><strong>(Agrip-</strong></span> <span class='ocrx_word' id='word_1_482' title='bbox 790 4166 832 4215; x_wconf 92' lang='grc'><strong>16.</strong></span> <span class='ocrx_word' id='word_1_483' title='bbox 841 4176 951 4215; x_wconf 84' lang='lat' dir='ltr'><strong>securas</strong></span> <span class='ocrx_word' id='word_1_484' title='bbox 960 4159 1014 4230; x_wconf 86' lang='lat' dir='ltr'><strong>res]</strong></span> <span class='ocrx_word' id='word_1_485' title='bbox 1024 4159 1315 4233; x_wconf 83' lang='lat' dir='ltr'><strong>‘sorgenfreieLage&#39;,</strong></span> 
     </span>
     <span class='ocr_line' id='line_1_52' title="bbox 136 4229 1316 4306; baseline 0.004 -22"><span class='ocrx_word' id='word_1_486' title='bbox 136 4231 242 4298; x_wconf 83' lang='lat' dir='ltr'><strong>pirae).</strong></span> <span class='ocrx_word' id='word_1_487' title='bbox 753 4231 779 4286; x_wconf 90' lang='lat' dir='ltr'><strong>d.</strong></span> <span class='ocrx_word' id='word_1_488' title='bbox 795 4233 822 4285; x_wconf 91' lang='lat' dir='ltr'><strong>h.</strong></span> <span class='ocrx_word' id='word_1_489' title='bbox 838 4232 910 4286; x_wconf 84' lang='lat' dir='ltr'><strong>auch</strong></span> <span class='ocrx_word' id='word_1_490' title='bbox 927 4231 974 4284; x_wconf 88' lang='lat' dir='ltr'><strong>ich</strong></span> <span class='ocrx_word' id='word_1_491' title='bbox 992 4229 1066 4285; x_wconf 90' lang='lat' dir='ltr'><strong>habe</strong></span> <span class='ocrx_word' id='word_1_492' title='bbox 1086 4229 1132 4286; x_wconf 89' lang='lat' dir='ltr'><strong>dis</strong></span> <span class='ocrx_word' id='word_1_493' title='bbox 1150 4233 1316 4306; x_wconf 85' lang='lat' dir='ltr'><strong>Regiernng</strong></span> 
     </span>
     <span class='ocr_line' id='line_1_53' title="bbox 164 4301 1200 4372; baseline 0.005 -20"><span class='ocrx_word' id='word_1_494' title='bbox 164 4301 283 4370; x_wconf 67' lang='lat' dir='ltr'><strong>anama]</strong></span> <span class='ocrx_word' id='word_1_495' title='bbox 298 4317 321 4354; x_wconf 89' lang='lat' dir='ltr'><strong>s.</strong></span> <span class='ocrx_word' id='word_1_496' title='bbox 340 4319 376 4354; x_wconf 79' lang='lat' dir='ltr'><strong>nn</strong></span> <span class='ocrx_word' id='word_1_497' title='bbox 397 4318 419 4357; x_wconf 92' lang='lat' dir='ltr'><strong>e.</strong></span> <span class='ocrx_word' id='word_1_498' title='bbox 441 4307 483 4372; x_wconf 86' lang='lat'><strong>11,</strong></span> <span class='ocrx_word' id='word_1_499' title='bbox 504 4307 545 4358; x_wconf 87' lang='lat'><strong>10.</strong></span> <span class='ocrx_word' id='word_1_500' title='bbox 752 4303 832 4357; x_wconf 87' lang='lat' dir='ltr'><strong>nicht</strong></span> <span class='ocrx_word' id='word_1_501' title='bbox 851 4301 1005 4371; x_wconf 84' lang='lat' dir='ltr'><strong>sorgenlrei</strong></span> <span class='ocrx_word' id='word_1_502' title='bbox 1025 4304 1200 4372; x_wconf 82' lang='lat' dir='ltr'><strong>angetreten.</strong></span> 
     </span>
    </p>
   </div>
   <div class='ocr_carea' id='block_1_4' title="bbox 0 0 1380 4718">
    <p class='ocr_par' dir='ltr' id='par_1_6' title="bbox 0 0 1380 4718">
     <span class='ocr_line' id='line_1_54' title="bbox 0 0 1380 4718; baseline 0 0"><span class='ocrx_word' id='word_1_503' title='bbox 0 0 1380 4718; x_wconf 95' lang='lat' dir='ltr'><strong> </strong></span> 
     </span>
    </p>
   </div>
  </div>
 </body>
</html>
