2752 4718
498 181 647 238 LIBERI.
680 134 756 237 dee.
777 187 892 238 sc-sr.
1216 183 1280 249 125

105 355 189 406 muta
212 349 268 407 ista
292 354 322 407 ct
345 348 474 408 inanima
497 347 678 409 intercidere
700 367 735 409 ac
757 349 892 428 reparari
914 350 1062 427 promisca
1081 358 1163 411 sunt:
1187 359 1282 411 aeter·

107 437 186 495 nitas
208 452 311 495 rerum
335 443 365 495 et
388 454 445 515 pax
468 439 602 514 gentium
625 446 655 498 et
677 455 742 498 mea
766 455 834 499 cum
857 445 957 498 vestra
980 437 1059 498 salus
1078 438 1282 500 incolumitate

107 531 228 585 senatus
251 525 397 585 firmatur.
433 524 513 586 hunc
536 527 688 604 auspicato
712 544 729 586 a
751 533 875 606 parente
899 534 930 586 et
952 527 1107 587 conditore
1126 527 1210 587 urbis
1228 546 1281 588 no·

107 620 187 672 strae
211 614 383 674 institutum
407 622 437 674 ct
459 633 475 674 a
498 614 621 692 regibus
645 632 739 693 usque
762 614 799 674 ad
822 617 974 693 principes
995 618 1171 676 continuum
1190 625 1220 677 et
1237 618 1282 677 in·
1301 629 1335 679 25

105 700 271 783 mortalem,
295 705 374 763 sicut
392 721 408 763 a
427 702 590 763 maioribus
608 706 788 783 accepimus,
806 705 850 763 sic
869 706 999 781 posteris
1017 704 1178 765 tradamus.
1213 722 1282 765 nam

105 799 140 850 ut
164 808 200 850 ex
223 790 307 851 vohis
331 799 497 872 senatores,
520 793 561 851 ita
585 810 621 852 ex
644 792 833 853 senatoribus
855 794 1007 871 principes
1029 789 1215 854 nascuntur?

196 878 235 939 Et
257 881 351 940 oratio
365 887 483 956 parata
502 880 538 940 ad
556 881 803 960 perstringendos
821 881 1056 960 mulcendosque
1074 882 1202 943 militum
1222 883 1282 942 ani·
1293 881 1336 949 85

106 985 171 1026 mos
204 975 235 1028 et
263 970 429 1028 severitatis
457 969 563 1029 modus
592 963 704 1051 (neque
733 972 872 1030 enimin
900 970 1002 1049 plures
1031 989 1120 1050 quam
1147 973 1178 1031 in
1207 970 1283 1031 dnos

104 1056 302 1117 animadverti
324 1051 468 1140 iusserat)
492 1065 575 1136 grate
598 1066 733 1139 accepta,
761 1060 969 1137 conpositique
991 1059 1028 1119 ad
1051 1078 1207 1140 praesens,
1231 1061 1283 1139 qui

105 1147 242 1205 coerceri
270 1162 330 1206 non
357 1153 504 1223 poterant.
542 1164 603 1207 non
631 1153 730 1207 tamen
758 1149 843 1226 quies
870 1147 940 1207 urbi
968 1147 1110 1209 redierat:
1139 1150 1283 1227 strepitus

105 1232 236 1293 telorum
260 1243 290 1294 et
313 1235 405 1295 iacies
428 1234 507 1314 belli,
533 1233 590 1312 [et]
614 1234 759 1297 militibus
782 1244 817 1296 ut
836 1234 911 1296 nihil
934 1237 965 1294 in
984 1254 1141 1298 commune
1160 1237 1317 1302 turbant

106 1320 197 1401 tihus,
216 1324 256 1383 ita
277 1324 389 1402 sparsis
407 1340 462 1401 per
481 1324 585 1384 domos
603 1322 719 1385 occulto
733 1323 837 1384 hahitu
853 1332 882 1384 et
896 1323 1022 1402 maligna
1038 1343 1109 1384 cura
1123 1326 1153 1384 in
1170 1343 1283 1405 omnes,

106 1428 182 1489 quos
215 1410 355 1472 nobilitas
388 1419 439 1472 aut
471 1430 543 1490 opes
576 1420 627 1472 aut
657 1412 753 1491 aliqua
782 1413 908 1490 insignis
936 1410 1081 1473 claritudo
1110 1412 1282 1474 rumoribus

107 1498 271 1580 obiecerat,
295 1499 468 1561 Vitellianos
497 1518 616 1579 quoque
644 1500 755 1561 milites
782 1502 900 1560 venisse
927 1503 964 1560 in'
988 1500 1092 1561 urhem
1120 1502 1155 1561 ad
1185 1501 1283 1562 studia

104 1590 236 1665 partium
256 1589 406 1649 noscenda
424 1588 561 1668 plerique
575 1589 751 1669 credebant3
770 1588 850 1649 unde
863 1585 949 1668 pl'ena
964 1592 1063 1649 omnia
1078 1591 1281 1668 suspicionum

105 1684 137 1735 et
160 1679 208 1736 vix
231 1686 346 1739 secreta
370 1678 511 1739 domuum
534 1679 598 1738 sine
617 1676 784 1740 formidine.
822 1676 874 1738 scd
894 1678 1056 1757 plurimum
1075 1679 1282 1758 trepidationis
1303 1694 1335 1743 10

104 1767 137 1823 in
161 1765 296 1844 puhlico:
319 1774 354 1828 nt
377 1785 526 1846 quemque
550 1768 688 1828 nuntium
712 1767 788 1827 lama
812 1766 976 1847 adtulisset,
999 1769 1129 1828 animum
1152 1768 1280 1828 vultum-

143 1939 186 1986 22.
206 1937 342 2002 promisca
355 1937 432 2007 semi]
447 1938 491 1992 oin
506 1935 667 2005 cuffalliger
720 1936 797 1990 steht
814 1937 865 1991 das
883 1936 1020 1992 Pracikat
1037 1938 1076 1992 im
1093 1939 1191 1994 Nouis.
1206 1938 1280 1992 Plur.

104 2003 286 2058 Graecismus
304 2007 348 2059 fur
365 2009 534 2075 promiscum
551 2012 604 2074 est,
623 2007 666 2062 ‘cs
720 2008 854 2076 Heraeus,
873 2008 922 2062 lat.
938 2009 1065 2079 Schulgr.
1080 2015 1096 2075 5
1112 2016 1171 2077 106,
1186 2010 1217 2076 Β,
1232 2016 1258 2064 3.

102 2075 206 2129 machi
216 2075 316 2130 keinen
327 2077 520 2144 Unterochied,
531 2076 571 2130 ist
580 2078 666 2131 einer·
756 2080 910 2149 compositi]
930 2096 951 2132 s.
972 2098 1007 2133 cu
1025 2096 1049 2134 c.
1068 2086 1111 2147 82,
1132 2087 1173 2134 17.

47 2189 50 2192 .
103 2147 166 2213 lei',
187 2147 213 2200 d.
224 2147 251 2200 h.
266 2147 306 2201 sie
320 2149 432 2203 konnen
446 2148 518 2203 ohne
535 2147 667 2202 weiteren
756 2150 795 2203 ad
808 2148 952 2219 praesepe]
972 2166 994 2201 s.
1014 2168 1049 2202 zu
1066 2150 1102 2213 H,
1121 2155 1146 2217 4,
1166 2158 1191 2204 6.

102 2213 227 2286 Eintrag
240 2236 274 2271 zu
284 2218 397 2273 Grande
412 2219 488 2287 gehu
497 2219 553 2272 und
563 2218 675 2273 wieder·
757 2225 782 2272 4.
801 2220 929 2290 coerceri]
949 2237 971 2272 s.
989 2237 1024 2273 eu
1042 2237 1065 2273 c.
1087 2226 1129 2283 11,
1150 2226 1173 2274 1.

101 2289 396 2357 hergestclltwerdcn.
403 2289 466 2361 Vgl.
473 2290 533 2346 Liv.
540 2289 666 2358 XXXIV,
756 2290 833 2360 urba]
853 2291 923 2344 Zum
942 2290 1026 2345 Dativ
1039 2291 1097 2359 vgl.
1112 2290 1159 2358 111,
1175 2297 1208 2344 66
1227 2306 1283 2344 aaa

107 2364 151 2425 19,
171 2365 195 2422 2,
211 2376 272 2414 cam
294 2362 400 2416 iacerta
423 2362 523 2416 hellam
544 2378 583 2416 aa
606 2378 666 2431 pac
720 2363 885 2416 exercitibus
915 2363 1087 2418 securitatem
1115 2363 1283 2427 redituram

104 2446 168 2484 cum
187 2429 328 2486 Celtiberis
345 2437 438 2488 essent.
720 2432 768 2499 IV,
787 2438 830 2498 39,
849 2438 891 2486 24.

141 2515 281 2579 anapestus
301 2511 504 2581 ‘Anhtuiuug’.
743 2509 782 2585 .⁵·
801 2505 899 2575 facies]
919 2521 941 2560 s.
961 2523 994 2558 zu
1012 2505 1048 2573 II,
1068 2511 1111 2572 89,
1132 2510 1174 2558 11.
1207 2493 1284 2558 iiber

142 2594 184 2644 93,
203 2606 246 2644 res
263 2590 326 2645 hier
345 2592 462 2660 ‘Machp
482 2591 667 2660 Hemohafp,
722 2574 953 2646 d1eAuslassung
965 2593 1022 2659 von
1036 2583 1096 2631 erat
1110 2595 1130 2630 s.
1142 2593 1177 2629 au
1187 2593 1210 2629 c.
1221 2582 1246 2642 9,
1257 2581 1282 2630 3.

101 2661 161 2730 vgl.
181 2659 274 2716 ausser
297 2678 389 2718 rerum
412 2665 503 2732 potiri
525 2680 548 2718 c.
568 2667 603 2716 29
625 2677 669 2716 res
758 2651 783 2700 6·
802 2648 906 2728 ⁰⁶⁰“li0
923 2647 1034 2717 habitu]
1056 2647 1258 2728 ‘vermini-

103 2733 166 2785 sime
184 2733 324 2788 discordia
342 2735 509 2800 translatam
530 2750 552 2788 c.
573 2738 607 2787 89
626 2748 669 2787 res
758 2717 838 2788 wa]
858 2718 919 2771 hlei
939 2719 1098 2782 ‘Interesse
1117 2717 1263 2785 Neuglssr’·

107 2801 259 2858 Caesarum
276 2807 434 2874 composuit.
759 2794 783 2841 7.
806 2793 857 2842 aut
880 2789 976 2856 aliqua
994 2789 1113 2855 imipmis
1131 2787 1281 2857 claritudo]

138 2899 199 2951 pax
216 2885 338 2952 mcum
358 2885 559 2940 ‹weltffiedes
723 2857 802 2910 ‘oder
816 2858 1088 2938 oonsilubcrheupt)
1105 2856 1168 2946 einp
1182 2857 1282 2911 boson-

721 2927 787 2981 dere
803 2928 1038 2997 Ausaerehnung’.
1069 2928 1133 2998 Vgl.
1148 2930 1218 2983 uber
1233 2933 1282 2984 aet

142 2968 185 3020 24·
203 2965 364 3046 9111910119]
384 2965 449 3048 ‘¹212
467 2964 599 3047 ³¹¹⁸Pi⁰³l⁵
618 2964 667 3019 ⁰¹³·
722 2999 938 3068 aeaeaeerger
961 2999 1010 3054 rm.
1021 2998 1153 3066 senaar
1165 2999 1281 3055 numa.

104 3038 240 3104 servans,
265 3036 359 3090 ‘under
382 3036 507 3106 hochgen
526 3035 666 3102 We1hen’,
756 3070 913 3124 ,umoribus
939 3041 1043 3126 phiec„
1069 3071 1147 3126 ‘zum
1173 3070 1282 3141 flogen—

104 3105 274 3246 ἓὲἱῒέἒὲἓὲ
294 3105 668 3248 ggglgnf⁰lgffm³lgbiuffir
722 3140 820 3194 stando
845 3140 925 3195 fibler
950 3142 1117 3198 Nachredeu
1140 3143 1281 3196 machen’.

105 3248 154 3300 des
165 3247 415 3304 substantivierten
424 3247 667 3317 Neutr.Part‚vgl.
749 3213 798 3337 bgr
806 3220 1119 3354 mffiasffinm’
1131 3218 1281 3353 ffipoenpa]

734 3373 781 3409 um
801 3354 846 3408 die
866 3354 1031 3423 Sympethie
1054 3353 1100 3407 fur
1124 3355 1170 3408 dio
1188 3351 1282 3408 Pertei

722 3444 755 3479 zu
775 3425 939 3479 erkunden'.

760 3501 801 3550 10.
830 3501 931 3550 secrete
953 3496 1082 3550 domem
1120 3495 1282 3550 ‘htusliche

720 3495 1170 3636 Abgeschiedenheit',wicill,63
1181 3572 1283 3621 secreta

722 3638 898 3706 Campaniae.
936 3636 963 3691 S.
983 3654 1017 3691 au
1036 3654 1059 3692 c.
1081 3644 1127 3704 11,
1149 3643 1190 3694 14.
1226 3641 1283 3692 An·

140 3689 184 3738 ²⁷¹
208 3700 243 3739 ω
264 3684 341 3767 ’ἶοωθ
359 3715 393 3725 “
412 3685 578 3752 ”mmm
601 3683 667 3738 ‘³¹²⁸
721 3709 786 3762 dero
814 3707 943 3762 erklaren
971 3715 1073 3764 secreta
1102 3710 1190 3763 durch
1221 3709 1282 3764 ‘des

107 3768 208 3810 eueren
227 3753 336 3810 Rerhen
354 3756 446 3825 gehon
464 3755 588 3810 herror’.
721 3778 841 3832 Imma,

412 3904 418 3915 ,
491 3904 498 3916 ‚
642 3904 649 3916 ,
759 3854 800 3904 11.
819 3851 852 3903 im
867 3851 990 3921 publico]
1011 3869 1033 3906 s.
1052 3869 1086 3905 au
1105 3868 1128 3907 c,
1150 3856 1191 3919 19,
1212 3858 1236 3906 6.

129 3901 188 3986 085.
209 3910 234 3960 1.
249 3904 367 3975 parata]
382 3904 600 3988 ‘emgemchtel',
614 3921 667 3960 wre
757 3925 790 3975 up
806 3923 946 3993 quemque]
967 3940 988 3975 g,
1008 3940 1042 3975 zu
1061 3938 1084 3975 ρ,
1104 3927 1147 3989 29,
1166 3928 1191 3977 4⁸

105 3973 164 4028 Inv.
183 3973 315 4043 XXVIII,
333 3980 382 4042 43,
403 3981 417 4028 1
441 3980 531 4031 oratio
549 3978 587 4030 ad
604 3981 668 4031 ecm-
758 3992 912 4063 adppzigsep]
934 4011 954 4047 s·
974 4011 1008 4047 zu
1026 4010 1049 4047 ο,
1070 3998 1112 4060 10,
1132 4000 1156 4048 7·

102 4050 288 4128 Mimia,
303 4046 668 4102 ἅθωῧωΰθῦθθὶὶἒθθῃῑ·
758 4064 882 4118 amimam
904 4065 1061 4134 cultamque
1085 4064 1220 4134 comperet]
1244 4081 1280 4118 sc.

102 4121 204 4184 Pim-
722 4136 811 4189 eraut.
834 4135 944 4189 Ebenso
959 4135 1052 4202 1V‚no
1065 4136 1182 4202 fromtcm
1194 4142 1283 4204 terpa-

140 4201 166 4249 2·
184 4195 293 4267 mama]
313 4214 333 4251 s.
355 4213 388 4249 zu
407 4213 430 4250 ⁰·
450 4203 493 4264 83,
513 4202 555 4251 10·
721 4221 773 4274 que
799 4221 833 4259 ac
860 4206 933 4260 taras
959 4208 1028 4272 teta·
1055 4224 1078 4261 o.
1100 4212 1141 4272 12,
1162 4211 1186 4259 s.
1209 4208 1241 4258 A,
1260 4204 1281 4271 1,

140 4280 165 4330 8.
190 4276 314 4347 accepta]
338 4291 374 4330 sc.
397 4279 472 4331 sunt.
508 4275 588 4329 Ncoh
610 4276 668 4331 Aa
723 4281 765 4331 50.
785 4265 861 4330 iiber
879 4277 976 4331 diesen
995 4294 1050 4331 von
1068 4276 1204 4331 Dichtcrn
1223 4275 1281 4329 ein-

107 4346 235 4402 slrckten
252 4347 306 4402 mii
328 4347 556 4403 verschiedenem
575 4346 668 4402 Genus
721 4346 873 4417 geliihrten
906 4347 1102 4417 griechischen
1134 4345 1282 4401 Gebrauch

104 3316 155 3387 Ill,
170 3324 204 3373 72
223 3321 310 3375 sedem
327 3319 404 3374 Iovis
424 3320 529 3388 Optimi
543 3319 669 3373 Maximi
723 3355 732 3384 e

104 3503 165 3586 cato
182 3505 447 3588 uehem'comdidisse
469 3533 609 3600 traditam,-
631 3531 666 3586 de

106 3618 163 3672 rep.
183 3602 219 3673 Π,
238 3609 263 3658 3.
282 3602 416 3674 Draeger,
437 3602 514 3672 Syni.
534 3608 549 3668 ξ
568 3607 629 3658 213.
