2752 4718
127 192 191 256 176

515 190 637 246 TACITI
653 189 910 246 HISTORIARUM

129 377 205 439 quae
224 365 332 419 cuncta
350 358 381 417 in
401 357 495 418 oculis
514 359 670 436 utriusque
691 358 840 417 exercitus
859 364 970 436 quanto
990 356 1111 417 laetiora
1128 356 1300 438 Vitellianis,

74 461 108 510 10
127 455 209 509 tanto
233 448 332 507 acrius
356 445 514 507 Othoniani
537 464 656 506 causam
679 453 891 524 auctoremque
915 445 1007 506 cladis
1030 445 1266 507 detestabantur.

71 533 116 600 36
214 535 253 596 Et
276 534 423 614 proelium
446 534 567 613 quidem
590 535 738 614 abruptis,
766 552 842 613 quae
866 542 1056 614 supererant,
1082 533 1209 595 navbus
1233 535 1299 615 iuga

126 624 319 703 diremptum
356 622 455 684 Macer
491 626 535 684 ad
569 625 692 684 exitium
729 622 921 703 poscebatur,
957 624 1075 701 iamque
1111 622 1299 684 vulneratum

126 715 244 774 eminus
271 712 372 772 lancea
400 714 512 772 strictis
540 711 645 790 gladiis
668 713 851 791 invaserant,
878 730 947 772 cum
969 713 1141 772 intercursu
1165 712 1298 774 tribuno

126 820 194 862 rum
222 802 491 879 centurionumque
518 802 694 879 protegitur.
736 818 791 860 nec
819 799 913 860 multo
940 808 1009 878 post
1031 799 1197 860 Vestricius
1227 800 1299 880 Spu·

90 893 213 952 erinna
241 892 325 950 iussu
353 887 479 949 Othonis
507 889 611 949 relicto
639 888 807 949 Placentiae
834 888 950 949 modico
977 888 1127 966 praesidio
1156 906 1227 950 cum
1254 907 1299 950 co·

128 977 266 1039 hortibus
298 976 444 1038 subvenit.
491 978 560 1038 dein
592 976 725 1038 Flavium
755 975 896 1037 Sabinum
928 976 1082 1039 consulem
1114 976 1302 1056 designatum

128 1066 206 1128 Otho
235 1075 384 1126 rectorem
412 1068 506 1145 copiis
534 1068 627 1145 misit,
656 1065 765 1145 quibus
788 1064 887 1126 Macer
913 1066 1095 1146 praefuerat,
1124 1074 1155 1127 et
1179 1067 1218 1127 ad
1242 1085 1301 1128 mu·

127 1156 260 1215 tationen
289 1154 399 1215 ducum
427 1154 503 1216 laeto
531 1154 624 1215 milite
648 1162 679 1215 et
700 1153 828 1216 ducibus
851 1154 889 1215 ob
912 1153 1033 1214 crebras
1057 1154 1221 1216 seditiones
1245 1165 1302 1216 tam

126 1243 265 1304 infestam
288 1243 421 1303 militiam
446 1242 682 1323 aspernantibus.

72 1329 115 1394 37

218 1330 339 1392 lovenio
377 1332 454 1411 apud
491 1332 634 1411 quosdam
671 1339 809 1392 auctores
847 1349 954 1410 pavore
991 1330 1062 1391 belli
1097 1349 1151 1392 seu
1186 1331 1302 1392 lastidio

130 1423 287 1500 utriusque
315 1422 473 1503 principis,
502 1438 629 1500 quorum
657 1420 766 1499 llagitia
794 1438 828 1480 ac
855 1419 985 1480 dedecus
1013 1421 1161 1498 apertiore
1185 1421 1219 1480 in
1241 1421 1304 1481 dies

129 1511 206 1571 lama
234 1508 448 1590 noscebantur,
476 1509 627 1570 dubitasse
655 1511 818 1589 exercitus,
846 1527 918 1568 num
946 1510 1043 1586 posito
1071 1510 1236 1569 certamine
1259 1507 1304 1568 val

130 1600 189 1677 ipsi
212 1600 242 1659 in
265 1599 395 1658 medinm
419 1598 631 1677 consultarent,
654 1597 701 1657 rel
723 1599 840 1658 senatui
863 1598 1071 1675 permitterent
1093 1596 1194 1676 legere
1213 1600 1304 1677 impe-

96 1694 274 1766 tratorem,
307 1694 395 1765 atque
428 1705 463 1746 eo
491 1686 583 1746 duces
611 1685 793 1746 Othonianos
821 1688 949 1765 spatium
977 1703 1010 1746 ac
1038 1703 1137 1746 moras
1165 1688 1306 1768 suasisse,

129 1776 290 1852 praecipua
320 1792 372 1852 spe
399 1773 528 1854 Paulini,
557 1774 637 1853 qnod
665 1775 884 1835 vetustissimus
913 1773 1115 1834 consularium
1142 1781 1172 1835 et
1198 1773 1305 1835 militia

131 1861 230 1922 clarus
253 1861 378 1941 gloriam
401 1880 569 1941 nomenque
588 1861 768 1923 Britannicis
787 1862 1025 1940 expeditionibus
1044 1864 1212 1923 meruisset.
1249 1880 1304 1942 ego

131 2014 215 2084 Verg.
239 2031 336 2085 georg.
360 2014 385 2082 Ι,
412 2020 479 2077 104.
490 2015 559 2084 qnid
590 2016 689 2082 diuam,

129 2087 201 2142 iacto
220 2087 269 2156 arsi
286 2087 386 2141 semine
399 2089 549 2142 amaminor
562 2103 632 2142 arca
645 2087 690 2141 in·

128 2156 271 2227 segnitior?

166 2235 191 2284 9.
210 2231 242 2284 in
260 2229 359 2299 omlis]
378 2246 398 2284 s.
419 2247 453 2283 nu
470 2228 492 2297 I,
512 2234 555 2298 37,
577 2235 617 2283 10.

165 2301 307 2369 ntrinsqne
330 2299 477 2370 examina]
497 2299 558 2355 ‘dee
581 2299 689 2354 beiden-

129 2371 249 2439 seitigen
272 2369 499 2439 Kniogsvolkes'.
537 2371 574 2424 Es
595 2387 689 2426 waren

130 2459 182 2494 nur
200 2439 373 2494 detachierte
393 2439 487 2510 Corps.

165 2509 293 2580 laetiora]
311 2526 348 2564 sc.
371 2514 459 2565 erant.

166 2686 213 2742 36.
239 2694 262 2742 1.
288 2686 427 2757 meantis]
446 2686 472 2742 d.
492 2685 510 2742 i.
529 2702 581 2757 per
598 2687 690 2743 rime

131 2758 259 2814 manibus
284 2758 484 2814 Germanorum
512 2774 621 2828 puppes
648 2775 689 2813 re-

130 2828 302 2885 tentantium
314 2828 462 2897 detractis3
478 2829 605 2900 dagegen
615 2834 690 2885 wlire

130 2901 251 2970 abreptis
270 2919 291 2956 s.
311 2919 338 2956 v.
358 2917 382 2955 a.
401 2917 433 2955 ra
452 2900 505 2956 iim
524 2899 662 2956 abductis.

168 2977 192 3026 3.
212 2971 320 3041 lancea]
340 2989 361 3024 s.
380 2990 414 3025 nu
432 2919 453 3040 7),
474 2978 516 3038 te,
536 2977 577 3028 1⁷.

167 3047 192 3097 6.
204 3040 341 3095 Flauiam
350 3041 485 3097 Sabinam
504 3061 525 3097 s.
537 3060 569 3096 au
579 3043 600 3111 1,
612 3048 655 3110 77,
665 3048 690 3096 9.

168 3113 303 3167 somniem
321 3113 494 3181 designatam
527 3114 626 3168 Zosatz
645 3131 693 3167 zur

132 3181 375 3252 Unterscheidung
402 3199 468 3237 vom
497 3183 692 3252 Stadtprhlek-

130 3257 180 3310 ten
198 3254 323 3324 gleiches
341 3253 473 3309 Namens.

168 3332 191 3380 7.
210 3330 339 3381 renonem
357 3325 456 3397 copiis]
472 3343 494 3379 s.
509 3343 542 3378 nu
556 3325 578 3392 1,
592 3330 637 3395 22,
649 3330 690 3381 10.

167 3397 217 3468 ad]
237 3415 257 3452 s.
277 3414 312 3450 nu
330 3413 353 3451 c.
373 3402 398 3464 8,
420 3402 461 3453 14.

167 3474 192 3522 8.
210 3470 279 3524 laeto
291 3498 323 3508 -
335 3467 560 3538 aspernantibus]
573 3465 691 3521 Xoordi-

131 3538 228 3593 natien
255 3555 311 3592 von
333 3539 397 3608 Adj.
420 3539 477 3594 und
500 3539 575 3593 Part.
599 3537 651 3592 wie
670 3536 691 3606 l,

168 3683 225 3733 tana
251 3680 393 3751 infestam]
422 3681 488 3736 ‘von
516 3697 545 3736 so
573 3679 693 3735 bedroh-

133 3747 237 3804 lichem
260 3749 437 3805 Charakter’.
474 3753 599 3819 Infestae
622 3750 691 3805 wind

133 3836 189 3874 von
220 3820 411 3889 pershnlicher
442 3820 612 3892 Bedrohnng
643 3838 692 3892 ge·

132 3892 264 3959 brauchi,
292 3891 400 3946 sowohl
426 3892 566 3947 alstivisch
590 3919 625 3939 =
647 3893 692 3946 ‘in

132 3959 300 4016 feindlicher
314 3963 433 4017 Abeiaht
446 3962 594 4044 geniehhet’
611 3965 644 4031 (a.
659 3979 692 4017 nu

132 4031 273 4102 Ι,31,16),
293 4033 336 4086 als
350 4032 506 4102 passivnsch
521 4059 554 4079 =
570 4032 692 4103 ‘gafahr-

133 4105 189 4172 det,
208 4103 351 4158 bedrcht’.

168 4281 215 4335 37.
241 4280 274 4333 In
297 4279 403 4334 diesem
424 4281 482 4335 und
501 4281 564 4335 dem
583 4281 691 4352 folgen-

123 4351 266 4427 denKap.
282 4351 336 4408 hat
351 4352 414 4409 Tac.
427 4352 481 4408 den
494 4353 608 4409 Beriaht
621 4355 691 4409 siber

744 2014 790 2070 die
800 2014 958 2085 Ereignisae
975 2015 1061 2070 sowie
1075 2015 1131 2070 den
1144 2013 1305 2070 Rdckblicln

743 2087 794 2140 auf
814 2086 859 2141 die
881 2084 1086 2157 Biirgerkriege
1111 2085 1161 2140 der
1183 2086 1305 2156 republi-

743 2157 898 2212 kanischen
929 2157 990 2212 Zeit
1026 2156 1173 2212 desselben
1207 2157 1305 2224 Quelle

743 2227 884 2294 entlehnt,
913 2227 959 2282 die
985 2227 1059 2282 Plus.
1077 2226 1145 2282 0.9
1174 2227 1305 2284 benulnte

743 2299 910 2369 (Mommsen
933 2297 973 2352 im
990 2297 1109 2353 Hermes
1127 2298 1167 2353 IV
1187 2299 1214 2354 S.
1234 2301 1304 2369 308),

743 2370 800 2424 und
813 2368 853 2424 ist
865 2369 895 2424 in
909 2368 959 2424 der
973 2367 1064 2423 demit
1076 2368 1117 2423 im
1127 2369 1303 2425 Zuaammen·

744 2441 820 2510 hang
839 2440 994 2495 elehenden
1007 2440 1152 2496 Reflexion
1167 2441 1239 2495 iiber
1252 2442 1306 2496 den

744 2511 1033 2581 Entwiclnlungegang
1065 2512 1116 2567 der
1146 2512 1305 2567 romischen

744 2581 913 2637 Geachiahte
928 2582 1064 2652 segarim
1081 2581 1243 2638 Wartlente
1257 2583 1306 2638 der

743 2651 925 2721 Darstellung
944 2651 1064 2707 Sallusts
1082 2651 1202 2723 geiolgt.

779 2730 804 2780 3.
831 2723 909 2795 nnn]
932 2723 962 2777 in
988 2722 1038 2778 der
1062 2723 1231 2794 Bedeutnng
1257 2725 1307 2781 ‘ab

744 2793 832 2848 nicht’
854 2794 928 2848 nach
945 2794 1073 2849 dubitare
1089 2792 1120 2848 in
1135 2794 1186 2849 der
1199 2795 1308 2850 Beden-

743 2866 815 2934 tung
826 2864 975 2934 ‘erwdgem
990 2864 1152 2934 iiberlegen’
1170 2867 1205 2933 (c.
1216 2872 1261 2937 33,
1272 2867 1309 2938 8).

781 2935 1255 3006 hmmmmsmcmm

778 3007 933 3076 pnmidere
950 3007 1004 3059 mit
1021 3007 1085 3061 dem
1103 3006 1155 3062 Inf.
1176 3008 1231 3063 wie
1252 3007 1309 3063 Cic.

745 3094 803 3132 acc.
826 3078 855 3131 in
873 3076 951 3130 Vera.
969 3075 996 3131 V
1020 3083 1034 3144 ξ
1054 3083 1096 3131 22.
1126 3076 1186 3133 Liv.
1207 3078 1308 3148 XXIV,

748 3154 789 3216 1o‚
810 3153 851 3205 aa.
870 3146 997 3216 xxxin,
1017 3154 1060 3216 aa,
1080 3154 1104 3204 a.

783 3225 808 3274 5.
827 3220 868 3288 eo]
888 3237 909 3273 s.
928 3236 963 3272 nu
980 3219 1001 3288 Ι,
1022 3225 1063 3287 13,
1085 3223 1127 3274 13.

780 3289 914 3360 spatium]
936 3288 1010 3344 ‘eine
1028 3289 1139 3345 Panse'.

783 3367 807 3416 6.
818 3361 1014 3416 sanstissimae
1023 3361 1226 3433 aemulantum]
1238 3362 1310 3418 Pau-

745 3432 821 3486 linus
834 3432 915 3486 hatta
930 3437 946 3486 3
960 3431 1045 3486 Jahre
1061 3447 1147 3486 auson
1166 3432 1218 3487 das
1234 3433 1311 3489 Kon-

745 3503 821 3558 snlat
843 3519 906 3557 zum
929 3502 1046 3557 aweiten
1064 3501 1140 3557 Male
1163 3502 1312 3560 bekleidet

746 3574 790 3643 (A.
809 3573 882 3641 XVI,
904 3577 961 3640 14);
985 3572 1044 3628 sein
1063 3575 1149 3628 cretes
1168 3573 1312 3630 Xonenlat

745 3644 1313 3769 ialltJnacthgheeieUntersuchungen

746 3716 790 3771 ins
827 3720 895 3770 .4a.

783 3792 806 3841 i.
817 3787 934 3858 gloriam
942 3787 1103 3858 monaque]
1110 3787 1203 3841 ‘einen
1214 3788 1312 3842 ruhm

746 3855 841 3912 vollen
858 3856 990 3912 Naman’.

782 3929 959 3983 Britannicis
981 3929 1213 3999 capeditt'onibne]
1235 3948 1256 3985 s.
1275 3928 1311 3984 A.

746 3999 819 4066 xiii,
838 4004 953 4055 ae-ao.
972 4001 1038 4068 Agr.
1059 4004 1083 4055 a.
1105 4005 1146 4054 1c.

781 4070 934 4142 nwrnisset]
955 4070 1027 4125 ‘sich
1044 4070 1187 4140 vendieni,
1207 4087 1308 4126 erwor·

743 4141 800 4195 ben
818 4141 920 4199 hatte‘.
949 4141 1060 4197 Ebeneo
1070 4157 1092 4196 c.
1105 4147 1148 4209 31,
1159 4147 1184 4196 2.
1204 4143 1238 4196 A.
1249 4140 1310 4211 XV,

745 4218 761 4266 6
781 4219 824 4268 nt.
836 4255 842 4268 .
854 4210 984 4268 carino
1001 4214 1114 4268 meritae
1131 4217 1172 4268 tot
1186 4229 1239 4284 per
1258 4230 1311 4268 an-

744 4298 795 4339 nos
806 4284 911 4352 planiae
924 4299 982 4338 non
997 4285 1072 4339 nitra
1087 4285 1247 4352 pericnlum
1264 4285 1310 4351 fa-

745 4359 827 4419 ceret;
846 4354 913 4425 Agr.
930 4360 948 4408 4
965 4355 1052 4425 iiepsn
1069 4355 1140 4424 ipsis
1157 4356 1312 4412 nirtnts'bns
