2752 4718
483 171 594 226 LIBER
611 172 632 228 1.
664 170 741 226 011³.
760 169 875 227 'St-38.
1220 170 1262 235 65

95 357 170 399 nore
193 339 314 398 avaritia
337 355 371 398 ac
390 337 510 398 licentia
532 344 683 416 grassatus
707 342 786 397 esset
804 335 837 397 T.
857 336 972 417 Vinius,
996 338 1022 397 si
1039 338 1104 416 ipse
1122 338 1264 415 imperas·

96 436 157 487 set:
181 445 259 488 nuuc
283 434 313 486 et
332 425 483 487 subiectos
501 445 556 486 nos
575 425 679 486 habuit
697 432 848 504 tamquam
866 443 937 486 suos
956 433 986 485 et
1004 425 1077 485 viles
1092 433 1125 486 ut
1144 425 1264 487 alienos.

96 534 155 576 una
177 515 227 576 illa
256 516 363 576 domus
392 515 502 576 sufficit
530 515 680 595 donativo,
713 513 792 593 quod
824 513 906 574 vobis
934 532 1095 592 numquam
1113 514 1211 593 ,datur
1235 521 1265 575 et

95 603 204 665 cotidie
228 599 446 682 exprobratur?
1284 613 1319 664 25

184 688 238 754 ‘Ac
261 710 299 752 ne
323 710 381 770 qua
404 691 507 753 saltem
526 694 557 751 in
581 708 755 752 successore
775 689 881 751 Galbae
906 709 974 768 spes
995 699 1087 772 esset,
1111 693 1267 752 accersivit
1276 687 1318 753 38

96 780 132 841 ab
152 781 249 862 exilio,
270 799 358 860 quem
376 783 498 841 tristitia
517 787 547 840 et
566 781 687 841 avaritia
706 782 754 840 sui
768 779 950 840 simillimum
963 780 1120 841 iudicabat.
1143 781 1266 861 vidistis,

95 869 323 948 commilitones,
345 869 467 930 notabili
490 876 666 947 tempestate
690 871 778 929 etiam
801 867 873 928 deos
897 869 1055 930 infaustam
1079 868 1267 947 adoptionem

95 965 276 1019 aversantes.
330 957 409 1018 idem
427 964 560 1036 senatus,
587 957 665 1017 idem
690 956 793 1036 populi
806 956 930 1018 Romani
950 960 1064 1018 animus
1084 965 1142 1018 est:
1169 965 1267 1018 vestra

95 1049 193 1107 virtus
217 1054 418 1128 exspectatur,
442 1047 520 1125 apud
544 1064 618 1125 quos
638 1064 724 1106 omne
742 1046 876 1106 honestis
896 1046 1028 1107 consiliis
1042 1046 1135 1107 robur
1154 1054 1185 1106 et
1202 1049 1301 1107 sinet

96 1134 207 1214 quihus
231 1137 365 1214 quamvis
388 1138 506 1214 egregia
533 1134 660 1195 invalida
684 1142 762 1195 sunt.
798 1153 859 1195 non
882 1135 918 1195 ad
941 1135 1053 1195 bellum
1076 1153 1128 1195 vos
1151 1153 1206 1195 nec
1230 1135 1266 1196 ad

97 1223 265 1303 periculum
288 1242 376 1285 voco:
404 1227 536 1284 omnium
563 1223 690 1284 militum
714 1241 794 1283 arma
821 1223 978 1284 nobiscum
1006 1231 1083 1286 sunt.
1129 1243 1185 1284 nec
1208 1242 1268 1285 uua

98 1312 205 1372 cohors
224 1319 322 1390 togata
341 1313 473 1373 defendit
492 1331 571 1373 nunc
591 1311 724 1391 Galbam,
748 1312 801 1372 sed
820 1312 947 1373 detinet:
967 1331 1035 1372 cum
1054 1331 1107 1372 vos
1128 1313 1267 1389 adspexe-

97 1403 150 1480 rit,
177 1420 245 1462 cum
270 1404 389 1479 signum
412 1420 509 1462 meum
538 1402 700 1480 acceperit,
728 1400 784 1460 hoc
808 1400 904 1460 solum
927 1402 985 1460 erit
1013 1408 1175 1481 certamen,
1200 1402 1267 1479 quis

97 1489 171 1550 mihi
188 1490 351 1568 plurimum
370 1493 496 1569 inputet.
529 1488 628 1550 nullus
648 1491 845 1550 cunctationis
865 1488 947 1550 locus
966 1496 1012 1549 est
1031 1491 1062 1549 in
1081 1507 1116 1549 eo
1136 1489 1268 1571 consilio,
1288 1501 1321 1549 10

98 1643 146 1696 ten
163 1641 262 1697 Lesart
275 1644 396 1712 aepialii.
422 1632 497 1697 Uber
514 1643 564 1697 ihu
583 1661 604 1697 s.
624 1661 658 1696 nu
713 1641 817 1697 Gelbes
841 1641 927 1696 stolae
945 1627 1103 1712 hussemng
1125 1641 1189 1696 hin:
1217 1642 1270 1712 lapi

99 1730 123 1767 c.
139 1718 181 1782 24,
197 1719 221 1766 2.
247 1713 452 1768 Orelli-Meiser
468 1715 533 1768 liesl
547 1714 660 1782 depicti
712 1731 731 1767 a
748 1729 776 1768 se
793 1714 919 1779 militena,
936 1729 993 1768 nen
1011 1714 1064 1768 enai
1081 1716 1115 1782 (c.
1135 1715 1170 1783 ὅ).

97 1785 170 1838 uach
203 1785 279 1839 einer
306 1782 439 1839 Inschrifi
470 1785 516 1840 bei
543 1783 657 1839 Gruter:

98 1854 234 1923 Aepiulus
252 1857 324 1925 Aua.
347 1856 466 1911 libertus.
748 1854 796 1910 88.
829 1861 852 1909 2.
882 1855 997 1910 tristitia
1023 1854 1269 1921 ‘unfreundlicbes

135 1926 294 1996 cupierunt]
320 1926 356 1980 So
379 1925 438 1980 lese
456 1927 502 1979 ich
522 1927 592 1979 stati
609 1925 659 1979 dee
712 1926 852 1992 finsberes,
880 1926 1047 1993 grhmlichee
1074 1924 1192 1979 Wesen'
1222 1925 1269 1979 be·

97 1996 244 2049 sinnlosen
267 1997 410 2064 perierunt
436 1997 485 2049 des
509 1995 658 2052 Mediceus.
713 1996 841 2051 aeichnet
864 1995 950 2051 bitere
972 1997 1017 2051 die
1036 1997 1198 2065 Auamung
1220 1996 1270 2050 der

96 2065 143 2120 Da
158 2066 208 2118 das
222 2069 295 2120 erste
310 2065 453 2135 Setuglied
472 2065 531 2120 sein
550 2066 660 2134 eigenes
713 2069 851 2135 seueritas,
865 2067 927 2122 eine
938 2067 1140 2137 griesgramige
1152 2067 1270 2135 Strenge

97 2137 226 2191 Verbum
250 2137 367 2205 (rapuit)
397 2137 449 2190 hat
479 2137 536 2190 und
569 2137 659 2190 dieses
713 2155 804 2208 gagen
822 2138 933 2192 andere.
960 2138 1022 2206 Vgl.
1043 2155 1065 2191 e.
1087 2143 1120 2191 14
1139 2155 1171 2192 ea
1189 2139 1270 2192 aesti-

98 2207 163 2262 eine
191 2207 344 2261 markierte
368 2205 498 2277 Stellung
523 2223 573 2262 vor
598 2206 667 2260 deur
712 2211 831 2264 natione
844 2214 918 2263 recta
931 2224 1046 2274 seuerus,
1059 2209 1270 2262 deteriusinter-

99 2276 236 2346 Subjekte
256 2278 416 2346 einnimmt,
444 2295 474 2333 so
497 2276 584 2344 muse,
607 2278 660 2332 wie
708 2280 884 2350 pratentibus
901 2280 1008 2334 tristior
1025 2280 1183 2333 habebatur.

100 2349 133 2404 G.
152 2349 298 2403 Andresen
320 2349 463 2418 hamerici,
490 2349 539 2404 das
562 2349 660 2403 aweite
749 2357 774 2406 3.
811 2351 929 2405 notabili
961 2351 1127 2422 tempestate]
1158 2348 1270 2415 fdurch

99 2421 224 2475 Verbum
242 2421 323 2475 einen
339 2418 494 2489 Gegensatz
513 2438 547 2473 au
564 2422 661 2489 rapuit
714 2421 900 2476 auffallendes
918 2422 1093 2489 Uuwebter’3
1116 2422 1173 2492 vgl.
1193 2437 1215 2474 e.
1235 2425 1269 2474 55

98 2490 204 2545 bilden.
241 2492 312 2546 Dem
343 2491 420 2546 Veri.
452 2492 503 2545 hel
536 2489 661 2546 offenbar
713 2494 863 2548 notabilius
886 2494 1069 2548 turbantibus.
1108 2493 1162 2547 Zur
1181 2489 1269 2546 Sache

100 2561 145 2616 die
177 2563 318 2617 bohemie
348 2561 435 2617 Stella
463 2578 512 2616 uus
539 2561 595 2618 Cic.
625 2562 660 2616 de
713 2564 770 2633 vgl.
786 2580 809 2620 e.
827 2569 859 2618 18
878 2569 1006 2633 quartum
1024 2565 1088 2618 idus
1105 2564 1270 2629 Ianuarias,

97 2633 167 2700 imp.
179 2632 226 2688 On.
242 2634 338 2702 Pomp.
353 2639 368 2698 ς
383 2639 417 2687 28
432 2634 659 2703 vorgeschwebt:
713 2636 822 2702 foedum
845 2636 978 2690 imbribus
996 2636 1080 2700 diem,
1103 2636 1228 2689 tonitrua
1245 2639 1271 2688 et

94 2705 192 2772 plures
219 2706 380 2773 prouincias
413 2705 544 2771 confecit,
578 2720 660 2772 quam
713 2706 829 2774 sulpura
847 2711 872 2760 et
888 2707 1010 2760 caelestes
1027 2707 1119 2759 ruinae
1135 2706 1211 2759 ultra
1229 2720 1270 2758 se·

99 2775 154 2828 alii
182 2776 395 2844 concupiverunt
427 2777 475 2844 (sc.
504 2775 659 2844 conficere).
714 2777 794 2831 litum
811 2778 996 2831 tantaverant.

97 2843 165 2914 Vgl.
175 2846 249 2900 noch
259 2847 304 2900 die
314 2846 444 2900 thuliche
456 2845 660 2900 Konstruktiou
750 2850 774 2900 5.
807 2848 918 2901 honesta
949 2847 1065 2900 consilia
1094 2845 1269 2900 ‘ehrenhafte

98 2915 147 2970 bei
165 2916 220 2971 Cic.
241 2936 266 2986 p.
288 2916 399 2982 Sullae
418 2922 454 2970 84
474 2922 506 2970 ut
524 2933 570 2986 epe
592 2917 660 2971 mett
713 2916 881 2982 Absichten‚
900 2916 1024 2971 lbbliehe
1043 2915 1233 2986 Massregeln’.

94 2987 165 3056 plus
182 2988 305 3056 adpetere
320 3004 408 3054 coner,
427 3003 508 3056 quam
526 2993 660 3056 quantum
749 2988 845 3059 robur]
873 2987 952 3042 Danu
979 3004 1036 3057 erg.
1065 2994 1103 3043 est
1130 3006 1180 3043 aus
1206 2988 1270 3043 dem

99 3073 191 3112 maanes
216 3060 325 3113 inimici
350 3060 491 3128 invidique
510 3060 660 3128 patiantur
713 3059 865 3128 folgenden
881 3064 955 3114 sunt.

100 3131 151 3196 (se.
176 3146 223 3184 me
251 3130 407 3198 adpetere),
440 3131 526 3184 durch
554 3128 660 3184 welche
749 3134 774 3183 8.
800 3130 905 3200 lupata]
929 3129 993 3186 Vou
1017 3130 1094 3185 einer
1117 3131 1270 3198 ordnuugs·

101 3197 190 3254 Stella
210 3201 282 3255 auch
301 3201 351 3254 das
369 3217 424 3255 von
440 3200 584 3255 Acidaliae
602 3199 659 3253 und
713 3200 851 3270 mdlsigen
882 3202 1080 3270 Verwendung
1110 3202 1160 3254 der
1192 3200 1271 3268 Toga

100 3269 203 3325 Meiser
217 3270 418 3326 heanstandete
429 3273 501 3341 quod
513 3270 661 3340 geschdizt
714 3271 789 3326 beim
798 3269 906 3327 Milit'dr
918 3273 1006 3328 findet
1017 3272 1078 3326 sich
1091 3271 1173 3324 haine
1184 3269 1270 3339 Spur3

105 3341 216 3396 werden
234 3343 334 3397 ddrtbe.
713 3343 800 3398 daher
825 3344 864 3398 ist
892 3345 965 3398 auch
996 3343 1059 3397 hier
1085 3340 1146 3394 eine
1176 3339 1270 3395 solche

137 3417 180 3466 22.
200 3414 325 3484 pressuri
344 3413 483 3469 ‘hausen’.
712 3413 792 3469 nieht
810 3414 1009 3481 annunehmen,
1029 3411 1164 3466 vielmehr
1178 3417 1271 3481 tapeta

91 3548 95 3553 ⁴
136 3489 181 3538 23.
207 3486 303 3538 nobee
329 3484 512 3551 ‘behandelm
536 3484 660 3538 enseheu
713 3486 786 3540 nach
813 3483 951 3552 Analogia
984 3500 1039 3538 von
1068 3484 1165 3537 cedent
1192 3501 1271 3539 arma

102 3553 171 3621 als'3
191 3555 249 3625 vgl.
259 3554 306 3625 IV,
319 3561 352 3608 14
366 3558 417 3623 (se)
432 3561 570 3625 tanquam
583 3572 660 3610 nau·
713 3561 790 3626 topae
810 3555 877 3624 (Cic.
897 3556 932 3608 de
947 3553 991 3610 off.
1006 3555 1019 3608 Ι
1034 3559 1049 3618 5
1064 3557 1108 3623 tt)
1126 3552 1166 3607 im
1186 3554 1270 3610 Sinna

101 3626 176 3695 eipia
189 3627 292 3681 baberi.
314 3627 465 3696 Tamquam
478 3643 541 3690 suos
556 3626 661 3696 ‘gleich
713 3644 770 3682 von
790 3625 952 3692 ‘friedlieh'‚
979 3625 1092 3694 speniell
1117 3626 1270 3695 ‘angepen-

102 3696 156 3749 wie
170 3697 229 3752 sein
240 3696 418 3767 Eigentum'3
432 3698 498 3752 eiles
513 3697 567 3751 ‘als
581 3700 660 3752 wert-
714 3698 783 3752 aerl’
806 3696 989 3753 aufzufassen.
1016 3696 1078 3750 Alb.
1098 3695 1207 3751 Miiller.

101 3765 170 3835 los’;
195 3774 227 3823 ut
249 3770 352 3823 alienos
377 3768 432 3822 ‘uls
455 3768 592 3836 gehdrten
609 3769 661 3823 wir
749 3768 861 3838 detinet]
887 3766 960 3822 ‘halt
977 3767 1026 3821 ihu
1044 3767 1114 3836 fest,
1137 3767 1204 3821 liniet
1222 3767 1271 3820 ihn

103 3837 194 3892 einem
211 3840 328 3894 andern'
350 3841 383 3907 (s.
402 3857 435 3892 au
454 3856 476 3894 c.
496 3846 540 3906 22,
559 3841 595 3904 4).
713 3839 793 3893 nicht
819 3838 888 3908 los',
916 3839 942 3894 d.
966 3839 993 3894 h.
1020 3837 1183 3893 verhindert
1211 3839 1271 3892 sein

139 3915 181 3964 24.
202 3928 260 3964 une
278 3910 455 3982 illudamus]
476 3927 512 3966 se.
532 3910 606 3965 Iceli.
713 3909 880 3966 Enhfliehen.

138 3985 181 4036 25.
232 3982 426 4052 mprebrnur]
476 3981 662 4051 ‘vorgerdclrt
750 3987 774 4034 9.
794 3982 915 4052 sionem]
928 3980 1192 4050 ‘Losuug‚Porole'.
1215 3981 1271 4034 Der

104 4048 200 4119 wird'‚
232 4051 297 4107 weil
329 4053 373 4107 ihr
405 4069 435 4107 es
462 4053 660 4121 beausprucht.
714 4052 867 4122 Imperator
885 4055 941 4123 gab
959 4051 1004 4106 die
1018 4051 1118 4106 Parole
1132 4052 1195 4105 dem
1211 4051 1270 4104 Tri-

104 4120 168 4191 Vgl.
187 4140 210 4178 c.
232 4129 265 4177 18
284 4141 336 4193 per
359 4129 456 4178 ceteros
474 4125 610 4178 maestitia
629 4140 661 4177 ae
692 4122 1271 4190 ‘bunderwcohthabendenpratorisohen

104 4193 662 4265 silentium,tamquamusurpatametiarn
714 4195 846 4249 Kohorte.
876 4195 907 4249 A.
927 4195 948 4261 I,
964 4199 979 4248 ‘1
998 4195 1127 4261 defendo
1145 4195 1270 4262 Aupuste

105 4264 136 4318 in
151 4281 222 4334 pace
244 4267 369 4322 donatiui
392 4268 574 4321 necessitatene
595 4266 661 4320 bello
714 4267 823 4336 sipnum
836 4267 986 4335 praetoriis
1005 4265 1158 4320 eobntibus
1175 4268 1206 4317 ut
1219 4263 1268 4315 ina·

103 4337 293 4403 perdidissent.
330 4338 476 4392 Prammer
506 4337 588 4392 weist
614 4336 663 4390 auf
711 4343 824 4407 perator
856 4338 981 4402 dederat·
1012 4335 1134 4402 Xlll,2
1165 4335 1278 4398 stonum

157 4435 242 4476 Tuom
255 4447 318 4477 meu.
330 4437 349 4477 I.
1057 4428 1078 4476 ἶ)
