2752 4718
512 182 637 238 TACITI
654 180 907 239 HISTORIARUM

122 184 186 247 122

120 359 150 411 et
168 351 270 430 plures
289 348 485 411 seditionibus
504 356 534 409 et
553 347 709 409 ambitioso
728 351 853 427 imperio
872 348 941 410 laeti
960 366 1014 428 per
1027 349 1131 411 turbas
1147 359 1179 411 et
1194 359 1301 430 raptus

121 439 236 500 facilius
264 439 300 499 ad
328 438 414 499 civile
442 437 551 498 bellum
579 437 809 518 inpellerentur‚
837 436 926 497 simul
952 445 1095 516 reputans
1123 457 1185 498 non
1210 457 1301 519 posse

85 538 101 588 5
121 531 321 607 principatum
349 526 461 587 scelere
491 528 660 605 quaesitum
687 524 784 587 subita
809 525 954 586 modestia
977 535 1008 586 et
1030 529 1129 607 prisca
1153 529 1301 606 gravitate

121 619 255 697 retineri,
278 616 331 676 sed
355 615 526 676 discrimine
550 613 634 676 urhis
657 622 688 676 et
709 613 843 694 periculo
867 624 989 675 senatus
1007 617 1121 696 anxius,
1144 623 1302 695 postremo

120 707 160 765 ita
180 706 335 765 disseruit:
355 700 469 783 ‘Neque
489 711 523 764 ut
541 703 675 765 adlectus
695 711 810 763 vestros
828 705 859 763 in
874 721 1005 764 amorem
1020 705 1079 764 mei
1094 704 1303 784 accenderem,

121 793 350 873 commilitones,
378 810 475 871 neque
495 800 539 867 ut
567 794 699 852 animum
728 791 763 851 ad
793 793 933 852 virtutem
958 792 1131 853 cohortarer
1155 787 1302 875 (utraque

121 885 201 942 enim
229 883 348 960 egregie
377 875 563 962 supersunt),
593 879 645 941 sed
675 881 742 940 veni
769 879 975 958 postulaturus
1003 899 1020 941 a
1044 880 1129 942 vohis
1152 889 1303 961 tempera-

70 979 256 1031 lomentum
280 979 396 1036 vestrae
419 969 603 1031 tortitudinis
627 975 657 1029 et
676 986 746 1047 erga
765 987 812 1028 me
830 968 951 1029 modum
970 971 1113 1030 caritatis.
1149 970 1303 1032 tumultus

121 1061 249 1138 proximi
271 1060 389 1118 initium
412 1076 473 1119 non
496 1058 658 1137 eupiditate
681 1058 729 1119 vel
752 1056 834 1136 odio,
861 1075 936 1136 quae
959 1057 1070 1118 multos
1094 1061 1248 1120 exercitus
1272 1062 1304 1120 in

122 1146 299 1206 discordiam
323 1165 426 1227 egere,
453 1164 487 1207 ac
515 1164 553 1206 ne
582 1145 797 1206 detrectatione
821 1146 940 1224 quidem
965 1155 1015 1207 aut
1039 1147 1199 1208 tormidine
1222 1150 1304 1227 peri·

122 1235 271 1296 culorum:
304 1237 394 1296 nimia
427 1237 522 1314 pietas
554 1242 652 1295 restra
685 1236 783 1295 acrius
813 1252 902 1313 quam
931 1235 1117 1296 considerate
1146 1237 1304 1317 excitarit3

122 1341 189 1384 nam
214 1342 302 1404 saepe
325 1323 465 1384 honestas
489 1341 591 1385 rerum
615 1341 728 1402 causas,
752 1324 783 1383 ui
802 1323 947 1383 iudicium
965 1323 1113 1404 adhibeas,
1136 1327 1304 1403 perniciosi

72 1424 104 1474 15
124 1415 220 1473 exitus
249 1420 460 1475 consecuntur.
496 1414 575 1473 imus
603 1412 639 1473 ad
668 1410 787 1472 bellum.
824 1429 895 1471 num
925 1429 1028 1472 omnes
1056 1414 1180 1473 nuntios
1203 1413 1303 1492 palam

123 1502 229 1583 audiri,
253 1505 350 1562 omnia
374 1502 497 1562 consilia
521 1503 638 1562 cunctis
661 1498 870 1580 praesentibus
892 1503 1012 1561 tractari
1032 1503 1106 1561 ratio
1126 1519 1231 1561 rerum
1252 1508 1305 1564 aut

122 1593 312 1652 occasionum
340 1590 480 1650 velocitas
507 1585 643 1667 patitur?
680 1596 740 1648 tam
768 1591 885 1648 nescire
909 1588 1053 1668 quaedam
1077 1589 1186 1650 milites
1209 1608 1303 1670 quam

121 1723 683 1791 Menn‚weleherdieldehrznhlbildete'.
736 1721 911 1793 Auslessung
934 1724 983 1778 der
1005 1721 1305 1794 Adversativpertikol

122 1793 186 1863 Vgl.
207 1810 229 1847 c.
250 1799 283 1848 25
304 1796 401 1864 colpus
419 1801 444 1849 et
462 1800 576 1863 ceteroe;
599 1793 647 1860 111,
667 1800 683 1848 9
737 1793 916 1848 nechmomin
927 1795 976 1848 der
985 1794 1142 1862 Antithese‚
1158 1796 1211 1848 πίε
1223 1813 1247 1851 c.
1259 1801 1304 1851 29,

122 1866 351 1935 commercarere
366 1865 682 1935 Dreeger‚Synt.§llss.
737 1864 771 1930 ΙΙ,
791 1868 816 1917 5.
837 1869 878 1918 12.
900 1870 940 1919 16.
962 1871 1004 1920 76.
1023 1865 1071 1933 ΙΙΙ,
1086 1872 1111 1920 9.
1129 1864 1178 1934 Ν,
1192 1871 1239 1920 41.
1259 1872 1303 1922 58.

123 1920 200 1989 Uber
214 1937 309 2004 plures
327 1954 348 1990 s.
368 1954 401 1989 zu
421 1954 443 1991 c.
463 1940 506 2002 39,
525 1941 550 1990 5.
737 1936 770 1988 Α.
787 1934 819 2001 V,
839 1940 863 1988 3.
884 1937 949 2005 Agr.
965 1942 1008 1991 97.
1031 1935 1194 2006 Nipperdey
1213 1954 1250 1991 zu
1270 1939 1303 1992 A.

158 2012 182 2060 9.
213 2007 386 2061 ambitiosum
408 2008 553 2076 imperium
576 2006 615 2061 ist
638 2005 684 2060 ein
737 2003 785 2073 IV,
800 2011 842 2061 35.
866 1993 941 2061 Uber
953 2009 1046 2076 pietas
1065 2026 1085 2061 s.
1105 2007 1258 2077 mltos,
1278 2015 1304 2065 2.

121 2079 196 2132 nach
210 2078 260 2132 dor
269 2077 360 2132 Gunst
373 2079 423 2133 der
432 2078 534 2148 Menge
548 2078 684 2133 heschen-

122 2149 179 2218 ἀεί,
191 2150 251 2203 also
263 2149 336 2204 nach
350 2151 438 2204 anton
448 2149 498 2204 hin
508 2148 632 2219 ebhdngi
654 2165 683 2203 es

122 2219 279 2290 Regimont.
307 2220 372 2290 Vgl.
387 2219 420 2288 Π,
436 2226 470 2275 12
490 2220 609 2276 Suedius
648 2221 684 2274 le·

122 2290 682 2361 memeambitiosoimperiorepebot;Suet.

123 2360 184 2418 Oct.
204 2367 237 2415 42
265 2367 297 2415 ut
324 2363 459 2416 salubrem
487 2364 575 2433 mepte
601 2378 684 2431 quam

122 2433 296 2486 ambitiosum
313 2433 467 2500 principem
485 2434 575 2487 scires.

157 2506 256 2569 raptus
274 2499 507 2571 ‘Golegenheiten
522 2521 584 2556 eum
598 2503 683 2556 Pliin-

123 2573 216 2640 dern';
234 2572 290 2642 vgl.
310 2590 344 2624 eu
363 2589 385 2626 ε.
405 2577 449 2640 46,
470 2578 510 2626 12.

84 2669 101 2682 1
158 2649 183 2698 4.
203 2644 282 2698 etoile
301 2644 410 2715 bellum]
425 2660 487 2697 cum
497 2641 615 2698 Vitellio
635 2659 684 2712 ge-

121 2714 247 2769 rendum.

159 2792 184 2840 5.
203 2786 345 2858 modestior]
365 2804 386 2840 s.
405 2804 438 2840 zu
458 2802 480 2840 c.
500 2791 543 2854 30,
564 2791 587 2839 1.

158 2864 182 2911 6.
220 2858 367 2912 discrimen
400 2855 463 2912 ‘die
495 2855 683 2913 bedonkliohe

122 2929 165 2982 Le.
185 2929 221 2982 e'.

159 2947 184 3052 ig.
204 2998 340 3068 adfectus]
360 3016 381 3053 s.
401 3015 434 3051 zu
454 3016 476 3054 e.
498 3005 539 3067 72,
559 3004 585 3053 8.

159 3073 184 3122 8.
203 3069 306 3138 eprepie
323 3070 482 3165 supereum]
500 3069 549 3123 ‘ist
562 3069 591 3124 in
605 3070 683 3124 herr-

123 3138 299 3222 lieherl'rillo
309 3138 471 3221 verbanden
485 3162 492 3207 ς
506 3146 646 3223 eruent,
658 3146 684 3196 8.

123 3209 684 3336 ..mcarcercareer:

123 3352 255 3421 sohoben,
278 3353 331 3406 πίε
350 3352 383 3405 A.
401 3350 449 3419 Vr,
469 3357 503 3406 29
522 3353 594 3406 medii
611 3353 685 3407 lemme

122 3426 247 3478 amicitia
257 3424 363 3489 Seiani,
375 3424 424 3478 sed
437 3424 573 3490 labefecit.
586 3466 592 3478 .
604 3425 683 3477 ,Ma-

122 3496 214 3549 erom's
228 3496 328 3549 odium.
353 3494 486 3565 Dreegen
502 3494 579 3562 Synt.
594 3499 609 3559 ξ
624 3500 684 3549 230.

158 3570 395 3633 temperamentum
426 3565 601 3635 ‘Ztigelung,
634 3567 684 3620 Be·

124 3634 323 3704 schr'elukung'.

160 3712 202 3758 10.
230 3707 325 3760 modos
354 3706 556 3762 ‘Mafshelten'
577 3734 611 3754 =
631 3725 685 3764 mo-

122 3777 239 3842 deratio,
257 3777 310 3830 πίε
325 3794 348 3831 c.
359 3781 394 3831 85
407 3780 559 3833 severitatis
574 3781 685 3845 modum

124 3847 180 3901 Cic.
196 3866 222 3917 p.
238 3846 307 3902 Sest.
323 3852 338 3912 ξ
354 3854 395 3901 to.
419 3866 446 3917 p.
460 3848 578 3915 Mero..§
594 3856 618 3905 1.

161 3923 202 3971 11.
217 3918 351 3973 tumultus
358 3920 483 3986 promtma'
491 3921 617 3991 initium]
628 3922 654 3976 d.
664 3923 683 3976 i.

124 3989 263 4042 tumultus
281 3989 423 4056 proximus
442 3990 520 4043 ortus
539 3993 588 4044 est.

56 4060 59 4066 '
161 4062 202 4112 12.
222 4060 399 4130 discordiam]
415 4077 436 4115 s.
451 4078 485 4114 zu
500 4077 522 4114 c.
538 4065 581 4128 53,
597 4066 620 4116 7.

159 4130 222 4201 aut]
233 4131 304 4184 statt
317 4136 342 4184 et
356 4148 455 4200 wegen
469 4131 517 4184 des
531 4131 684 4201 negativen

124 4201 300 4257 Godanlrens.
320 4201 377 4256 Der
387 4201 455 4256 Gen.
465 4202 610 4271 gehdrtzu
625 4203 683 4258 bei-

123 4273 177 4328 den
196 4271 355 4326 Abletiven.

152 4351 196 4397 13.
212 4346 304 4399 meme'a
310 4343 418 4416 pietas]
428 4343 480 4399 mit
495 4345 683 4402 rhetoriseher

774 2078 868 2132 aerius
880 2095 962 2146 quam
977 2077 1155 2148 considerate]
1167 2080 1241 2134 stetit
1252 2079 1303 2135 des

737 2146 953 2216 regelmdlsigen
972 2150 1066 2204 aerius
1078 2166 1162 2218 prom
1179 2152 1305 2206 conside·

737 2220 829 2272 ratitos
851 2219 920 2287 (vgl.
940 2218 980 2287 Π,
999 2226 1048 2287 24,
1068 2226 1093 2275 6.
1120 2219 1169 2287 IV,
1188 2226 1239 2290 40,
1261 2228 1305 2292 16,

738 2293 781 2356 65,
791 2292 819 2357 4)
835 2290 902 2344 oder
915 2290 1018 2345 aeriter
1034 2291 1123 2360 mopis
1140 2307 1224 2360 poam
1239 2309 1305 2348 com-

736 2360 861 2414 siderate.
893 2360 1006 2421 Ebenso
1024 2363 1101 2416 steht
1114 2362 1210 2431 Aget
1224 2365 1304 2418 oede-

737 2432 854 2485 memtr'me
872 2448 955 2500 quom
973 2437 1058 2487 corte.

775 2507 817 2558 14.
827 2503 1053 2558 honestusrermm
1062 2504 1173 2576 comae]
1189 2505 1305 2561 ‘ehren-

737 2571 817 2626 hulte
837 2571 981 2644 (lobliche)
1000 2573 1128 2633 Motive'.

773 2644 915 2715 adhibeas]
937 2662 958 2698 s.
976 2663 1011 2698 uu
1029 2661 1053 2698 c.
1074 2651 1097 2712 1,
1113 2650 1138 2700 9.

775 2719 815 2768 15.
835 2716 876 2768 ire
895 2716 932 2769 ad
945 2716 1048 2770 delium
1062 2717 1115 2770 πίε
1131 2714 1187 2770 cie.
1198 2734 1226 2785 p.
1238 2717 1305 2789 Lig.

737 2789 753 2850 6
768 2789 811 2851 35,
830 2784 910 2841 nicht
928 2787 960 2840 im
978 2788 1086 2854 bellem,
1105 2801 1163 2840 was
1182 2790 1242 2843 erst
1255 2788 1306 2844 bei

737 2855 804 2910 Iust.
825 2855 896 2911 Gell.
915 2857 1020 2912 Fronto
1037 2858 1206 2914 rorlrommt.
1246 2861 1306 2915 De-

737 2942 829 3050 gegen
848 2928 889 2980 r're
906 2929 938 2982 im
955 2930 1042 2982 aciem
1060 2927 1104 2997 (Π,
1123 2934 1166 2996 46,
1187 2930 1224 2998 6),
1248 2931 1304 2986 πίε

762 2998 798 3052 iv.
810 2996 937 3066 XXVHI,
949 3005 992 3067 22,
1007 3005 1024 3053 8
1042 3001 1084 3054 ire
1101 3001 1133 3054 im
1147 3003 1288 3070 proelium
1293 3022 1305 3071 ‚-

738 3066 795 3136 rgl.
815 3069 892 3124 Ceos.
912 3070 938 3125 b.
958 3070 990 3125 G.
1010 3071 1031 3138 Ι,
1051 3076 1098 3137 51,
1118 3077 1134 3125 3
1161 3073 1305 3140 proficisci

737 3139 770 3193 dm
791 3141 941 3208 proelimm;
963 3141 990 3194 b.
1009 3158 1033 3196 c.
1052 3141 1100 3208 ΙΙΙ,
1120 3147 1162 3209 99,
1182 3148 1198 3195 2
1214 3144 1303 3212 profi·

738 3210 805 3264 cc‘sci
831 3211 863 3264 im
888 3227 1033 3282 puppamp
1054 3212 1127 3267 Flor.
1148 3230 1177 3281 p.
1198 3218 1246 3280 15,
1269 3219 1301 3267 12

738 3281 834 3349 (Jahn)
849 3283 991 3350 proficisci
1009 3284 1041 3336 e'm
1060 3285 1152 3339 eciem
1181 3283 1249 3353 Vgl.
1263 3285 1302 3339 ad

739 3352 836 3407 beilum
849 3354 998 3421 proficisci.

773 3423 852 3494 mmm]
881 3423 946 3478 weil
974 3423 1020 3478 die
1043 3423 1226 3494 Verneinung
1251 3424 1304 3480 der

738 3493 829 3563 Frage
853 3495 985 3549 erwertet
1007 3495 1091 3563 wird,
1117 3495 1200 3551 ‘doch
1221 3496 1303 3551 nicht

740 3564 834 3619 etwu'.
871 3564 935 3635 Vgl.
955 3565 1028 3623 Diul.
1049 3572 1083 3621 18
1105 3583 1173 3621 mum
1189 3567 1303 3622 dubita·

738 3634 818 3689 mmo?
836 3634 971 3704 Heraeus,
981 3636 1030 3691 lae.
1040 3636 1167 3706 Schulgr.
1179 3642 1264 3705 5214,
1277 3643 1301 3691 1.

776 3711 817 3760 16.
832 3709 905 3761 ratio
918 3707 1021 3778 rerum]
1033 3706 1091 3762 ‘ein
1099 3707 1302 3778 planmtssiges

737 3777 915 3833 Verfnhren'.
950 3777 985 3832 So
1004 3780 1078 3834 ratio
1096 3777 1183 3834 sllein
1200 3777 1236 3846 Π,
1258 3785 1300 3834 19.

738 3852 780 3902 25.
800 3853 843 3903 26.
862 3847 910 3917 ΙΙΙ,
929 3854 971 3904 59.
991 3854 1034 3904 60.
1071 3849 1176 3904 Remem
1194 3848 1232 3903 ist
1251 3850 1302 3905 der

737 3917 905 3988 Proportion
931 3920 1030 3974 halber
1054 3936 1153 3990 wegsn
1181 3922 1301 3976 occasio-

737 4007 805 4044 mrm
822 3991 949 4046 velocitas
966 3991 1166 4060 hinzugesetzt.
1190 3990 1303 4046 Bonnet

738 4060 856 4115 erklltrt:
881 4061 938 4117 ‘die
957 4079 1007 4116 aus
1026 4062 1081 4116 den
1099 4061 1211 4132 Dingen
1240 4063 1300 4117 sich

738 4132 895 4201 ergebende
913 4132 1161 4202 Notwendigkeit‚
1180 4133 1210 4187 le
1228 4133 1301 4205 logi-

737 4203 838 4271 quode
851 4204 881 4258 lu
890 4202 1046 4260 situation’.
1061 4204 1213 4259 Einfucher
1224 4211 1300 4260 were

738 4273 795 4327 ‘die
814 4274 906 4328 Netur
924 4275 974 4329 der
991 4273 1105 4344 Dinge’.

773 4344 1302 4402 rnoremtmumoetoetme‘dieresehe
